1594 2136
175 1335 1423 1418 In nne sancte ⁊ indiuidue tinitatis patis ⁊ filii ⁊ sps sci uniꝰ sũmi Di façimꝰ istam cartam in
168 1395 1426 1478 ipiꝰ nne tinitatis . Ego rex A. Port parit cum filio mo rege Sancio ⁊ cum filias mas
157 1453 1425 1534 ub hoies de Tancoso qi ibidem pplatores estis p mandatũ miy ⁊ de filiis mis siue qi uenit ad
162 1509 1424 1597 pplandum facimꝰ ub cartulam sct ⁊ feçimꝰ p escipturam ⁊ p pceptum de CCC sl appe
159 1568 1405 1642 ciadura p ꝯcilio ⁊ p manu de iudice. ⁊ nullꝰ pecto nec ulla calũpnia nõ intret ibi nullo
156 1629 1425 1705 meirino, ni iudice de ꝯcilio . Et faciãt fosado la tcia de los caualeiros et las duas ptes stẽt in
154 1686 1423 1777 Troncoso. Et de illa una pars qi habuit a andar ĩ fosado ⁊ nõ fuit , qomo det ĩ fosadeira V sl
