1594 2136
145 206 1389 276 in appeciadura . Et nõ faciãt fosado nisi cũ nro senor una uice ĩ ãno , aut ura uoluntas fuit . Et
145 267 1404 339 peones nõ faciãt fossado nec clicis . Et nõ intret ibi nũcio nc manaria de nullo qa hoie p foro de T
141 328 1395 404 rancosso. Et qi in tmino filia aliena rausar extra sua uolũtate , qomo pctet a palacio CCC sl ⁊ exeat
142 390 1404 461 homizeiro de suos parentes. Si qis aliqis int uos in mecato aut in eccla aut in cilis plecato a pecon feri
143 449 1396 516 da fecit a suo uicino, pctet XL sl a cõcilio ⁊ VII a palacio, p manu de iudice. Et de furto qlibet se
144 499 1398 573 deat, qe colligat suo dono suo cabdal ⁊ de illa caplũpnia partat cũ iudice p medio. Et qi domũ
143 557 1391 623 hedificauit aut uinias aut sua heditate honorauit ⁊ uno ãno in illa sedit , ⁊ postea ad alia
143 609 1407 689 tra fuit , qomo suiat illi tota sua heditate ubi illi habitãtes fuit . Et si qesierit illas uendere uẽdat
138 669 1400 748 aut qe uoluit p foro de Trancosso. Et hoies de Tncoso qi habuit iudicio ul aiunta cũ hoies de a
140 727 1394 805 lias tras , habeãt illos ĩ cabos de suos tminos . Et dono ub foro qe stet caualeiro de Tncoso p
140 789 1414 862 infancion de totas alias trras siue ĩ iuramto qomo in iudicio, ⁊ passẽt sup illos cõ dous VI iurators .
140 843 1413 913 Et homines qi de suas tras exirẽt cũ homicidio aut cũ muliere rousada ul cũ alia calũpinia
136 892 1404 979 qlibet sedeat, ni qi nõ adducat mulier aliena de bndictoe , ⁊ tonet se a seno de Trncoso , ⁊ sedeat
137 961 1408 1037 solto ⁊ defeso p foro de Tncoso . Et si qis homines de qcumq tra cum inimicitate aut cũ pign
137 1014 1406 1096 nora uenet ⁊ in tmino de Tncoso intum fuit ⁊ nullꝰ inimicꝰ post illũ intraret ⁊ pignora tol
136 1073 1401 1158 lerit aut male illi fecit , qomo pectet a synor de Tncosso qingẽtos sl ⁊ dupelet illa pig
134 1136 1417 1212 nora aut illos liuores. Et qi homies de Tncoso pignorauit ⁊ in coilio nõ pectauerit dercto
133 1192 1424 1294 qomo pectet a senoryor de Tncoso LX sl ⁊ dupelet illa pigonora a suo dono. ⁊ homine de illi
134 1267 1420 1350 alias tras qi caualeyro de Tncoso descaualgar, qomo pectet illi LX sl . ⁊ hoies de Tncoso qi los
142 1317 1415 1405 psiere ⁊ in psiom illos misit , qomo pectet illy CCC sl . Et sy hoies de Tncoso p qlibet fia
136 1372 1418 1459 doria a medio ãno illo nõ reqisierit , que sedeat solto. Et sy migratum face , sĩt filii ⁊
136 1432 1421 1523 uxor sua liberi. Et soluãt hoies de Tncoso pignora p senior nin p merino ni p suo uicino.
147 1486 1417 1585 Et nõ donẽt posado p foro de Tncoso in casa de caualeiro, nin de uibas, ny de clicos , nin
142 1541 1414 1634 p manu de iudice in casa de peones. Hoies de Tncoso qi hoies tenuet ĩ suas hditates aut in
143 1592 1418 1689 suos solares ⁊ nõ fuit ibi suo senior, ueniat ad synal de iudice ⁊ det fiador a uenida de
153 1656 1408 1765 suo senior ⁊ faciat qd mandarẽt . ⁊ calũpnia qlibet fecit sedeat de suo senior ⁊ VII a
