1602 2146
194 228 1435 308 a palaçio. ⁊ nõ fuit a nullo hoie ni a suo senior, in cuiꝰ solar souer. Et sua senara aut suas
184 281 1443 356 uineas del el rey tal couto habat qomo de uicino de Tncosso . Et qi uicinũ occidit ⁊ ĩ sua
189 339 1465 423 casa fugierit, q post illũ intrare ⁊ in sua cassa lo matare, pctet CCC sl ad ptes del morto.
192 408 1454 482 Et qi mulier aforciauarit ⁊ illa uoces metẽdo uenit , ⁊ illa cũ duodçim nõ potuit se salu
192 467 1455 537 are, pctet CCC sl a la mulier ⁊ a suos parentes. Et qi mulier aliena ferire petet a suo ma
194 521 1450 592 rido XXX sl ⁊ septima a palaçio. Et hoies de Tncoso q fiadores parat p q calũpnia ille pe
193 579 1443 649 cierĩt ed el fiador otorgar cũ dous uicinos ⁊ ille nõ qesierit collige fiador ⁊ sup ipm oc
195 630 1467 706 cidit nos toto ꝯcilio pctabimꝰ ipm homicidiũ . Et palacio regis ul de epo habeãt calũ
183 685 1463 760 pinia ⁊ tota alia uilla habeat uno foro ⁊ alio palacio nõ habeat calũpinia . Et hoies de
199 742 1450 822 Tncoso qi fiador intrar ⁊ ꝯtendor nõ habuit qle fiadoria fiar tale pctet . Et sy contẽdor
194 802 1466 888 habuit mittat illũ in manũ ⁊ exet de illa fiadoria. ⁊ de sospecta de X sl ad riba cogno
194 863 1454 940 minet XII uicinos in redor sua casa ⁊ iure cũ illos dous ⁊ xeat Et de calũpnia .
194 919 1470 1001 Et X sl ad iuso iure siue ⁊ outro qles afalar qd uicinos sedeat. Et toto homine de T
198 977 1470 1064 rancoso q se tornar aliũ seniore qi bnfecit suas cassas hditates ⁊ uxor sua filii sui sĩt libe
201 1039 1468 1115 ry ⁊ soluti p foro de Trancoso. Et do ub foro qi nõ habeatis aliũ siniore ni ad regẽ aut suo
201 1100 1464 1165 filio aut qi uos ꝯcilio qsieritid . Et toto hoie de Trancoso qi deserdado fuit ⁊ p sua manu nõ
194 1149 1468 1223 lo pectare qomodo se torne ad sua hditate ubi illa fuit sine calũpnia . Et toto hoie
190 1210 1470 1299 de Tncoso q hditate habuit in alia tra nõ faciat fosado ni p for de Tncoso . Et toto hom
193 1279 1464 1369 ne de Tncoso qi habuit mulier ad bndiciomem ⁊ laxauit illã qomo pctet ad iudice I d . Et
196 1334 1451 1416 sy mulier ad suũ marido laxauit qi habuit ad bndcoe qomo pctet CCC sl medios a palaçio
186 1397 1482 1487 ⁊ medios a suo marido. Et de casa derrota cũ escudos ⁊ cõ lancas qi la deronpere pectet CCC sl ,
188 1452 1475 1547 medios a dono de la casa ⁊ meidios a palaçio. Et qi dedit ad suo uicino cũ espada XL soldos ⁊ VII
186 1515 1451 1602 ad palacio. Et qi dedit cũ lanca ad suo uicino ⁊ exierit de una pars alia pctem XX sl ⁊ VII
186 1571 1467 1657 a palacio. ⁊ sy nõ exierit ptet X sl ⁊ VII a palacio. Et de plaga unde oso exierit cada osso X
183 1626 1457 1702 sl ⁊ VII al pacio. ⁊ de alia plaga V sl ⁊ VII a palacio. Et p tota pignora siue de ꝯcilio
187 1669 1454 1768 ul de palacio colligat fiador sup illa pignora p a foro. Et dono ub qd nõ habeat nul
