1578 2203
157 197 1366 290 la defesa nc nullo mõte nec nullo pelago ni de toto ꝯcilio . Et illo mõtudigo de uicy
153 283 1356 361 no de Trancoso mõten lo caualeiro ⁊ de Tncoso cum suo seniore ⁊ pendãt inde la tçia .
151 342 1374 422 Et nulo ganado de Tncoso nõ sedeat mõtado . Et de portadigo de pam ⁊ de uinho de la ca
157 410 1374 489 rga III mel . ⁊ de caualo ⁊ de mulo qi lo uendidit I sl . ⁊ de boue ⁊ de asno VI dros . De
145 467 1376 556 carneyro aut de cabra aut de porco III meal . Et de toto portadigo qi ad Tncoso uenire
145 515 552 607 apeendat suo ospede la tçia .
146 632 1351 726 Ego Alfonsus Di gra Port rex, una cum uxore ma regina Dona b Vrraca, ⁊ filiis
146 701 1405 786 meis ifantibꝰ Dõno Sancio ⁊ Dõno Alfonso ⁊ Dõna Alionor, ꝯcedo ub moratoribꝰ de Tncoso istã
153 764 1394 846 cartam ⁊ istud for qd ub dedit auuꝰ hs ms inclite memorie rex Donꝰ Alfonsꝰ , ⁊ illud
149 826 1369 905 ubi ꝯfirmo . Et ut hoc firmiꝰ robor obitineat, pecepi fieri istam cartam ⁊ eam feci
151 878 1367 964 mo plumbeo sigillo ꝯmuniri . Facta fuit h carta mense Outubis in e M.ᵃ CC.ᵃ L.ᵃ
150 928 1403 1031 V.ᵃ. Ego rex sup natꝰ ⁊ uxor ma ⁊ filii hãc roborauimꝰ , ⁊ mea h signa fecimus +++++.
148 1004 437 1070 Qui affuerunt:
135 1055 598 1138 Domꝰ Martinꝰ Iohanis signif
718 1059 794 1144 ꝯf .
142 1122 634 1198 Domꝰ Petrꝰ Ihnis maiordomꝰ curie
755 1118 826 1211 ꝯf .
142 1192 389 1258 Domnꝰ Suarii
639 1182 710 1272 ꝯf .
143 1248 482 1323 Domnꝰ Ioha Laurenciꝰ
635 1259 699 1336 ꝯf .
145 1310 499 1398 Domnꝰ Gomeciꝰ Suarii
635 1318 692 1402 ꝯf .
137 1369 455 1442 Domnꝰ Iohanis Fndii
631 1371 703 1461 ꝯf .
134 1425 457 1502 Domnꝰ Fnãdꝰ Fnãdy
639 1428 705 1518 ꝯf .
139 1485 432 1556 Domnꝰ Gil Valasqi
637 1492 696 1569 ꝯf .
164 1539 470 1619 Domnꝰ Rodicꝰ Mdiz
633 1562 698 1622 ꝯf .
139 1598 468 1676 Domnꝰ Ponciꝰ Alfonsyo
637 1610 688 1690 ꝯf .
129 1659 451 1742 Domnꝰ Lopꝰ Alfonsy
631 1654 696 1756 ꝯf .
143 1707 367 1777 Viçenciꝰ Mdi
150 1749 332 1822 Mtinꝰ Peti
495 1720 541 1850 ts .
949 1062 1434 1145 Domnꝰ Stpanꝰ Bracaren archieps ꝯf .
924 1123 1234 1207 Domnꝰ Mnꝰ Por eps
1330 1141 1416 1217 ꝯf .
911 1189 1304 1279 Domnꝰ Petr Colĩbien eps
1363 1191 1408 1283 ꝯf .
908 1260 1305 1338 Domnꝰ Suariꝰ Vlxbon eps
1357 1263 1407 1341 ꝯf .
885 1329 1291 1395 Domnꝰ Suariꝰ Vlboren eps
1339 1319 1403 1463 ꝯf .
882 1380 1287 1453 Domnꝰ P. Lamecen eps
1331 1397 1403 1466 ꝯf .
875 1439 1287 1522 Domnꝰ Btolameꝰ Visen eps
1342 1442 1394 1514 ꝯf .
885 1496 1315 1580 Domnꝰ Mtinꝰ Egitanie eps
1333 1503 1392 1589 ꝯf .
881 1559 1253 1643 Mtim Plgiꝰ cantor Port
891 1631 1080 1698 Petrꝰ Garsie
877 1675 1105 1751 Suariꝰ Stephi
1295 1632 1357 1696 ts .
576 1736 1201 1839 Gunsaluus Mdi cancelariꝰ curie.
563 1830 870 1949 Fnãdꝰ Suarii scripsit.
148 1813 310 1896 Petrꝰ Pety
