1677 2226
391 1660 691 1702 Forum de Felgosino
218 1689 712 1728 n nne sancte ⁊ indiuidue tinitatis patris ⁊ filii
220 1716 708 1780 ⁊ spiritus sancti, uniꝰ summi dei. Facimꝰ istã cartam
768 166 1257 210 in ipius nne trinitatis. Ego rex Sanciꝰ Portugalen
766 196 1263 239 una pariter cum filiis mis qui exierunt ex nb ub hoies
766 230 1263 264 de Felgosino qui ibidẽ pplatores estis p mandatũ mm
766 252 1256 294 siue qui uenint ad pplandum . Facimus ub cartulã
768 280 1255 320 sic ⁊ fecimus p scpturam ⁊ p pceptum nrm ut firmit
766 310 1257 349 teneatis ⁊ hatis foro bono sicut hnt alios homines cũ
768 340 1247 384 meliores foros. Et nõ detis mi nec pgenie mee nc ullo
766 368 1260 414 homini p homicidio ni septimum apciadura p ꝯcilio
765 395 1268 441 et p manum de iudice. ⁊ nullo pecto nc ulla calumpnia
766 422 1275 466 n intret ii nc mo marino ni iudice de uro ꝯcilio . ⁊ facia
766 455 1258 490 tis fossado illa una pars ⁊ las duas partes stent ĩ uilla
768 483 1256 523 illa et de illa una pars qi habuit ad ire ĩ fossado qomo
766 510 1270 550 det ĩ fossadeira V sl ĩ adpciadura . Et nõ faciatis fos
765 542 1273 588 sado illa una pars qi habuit ad ire ĩ fossado ⁊ n fuit qo
766 570 1271 614 mo det in fossadeira V sl ĩ apciadura . Et n faciatis fo
765 601 1262 640 ssadum cum uro seniore ni una uice ĩ anno aut si plꝰ
769 633 1266 671 ura uoluntas fuit . Et pedones n faciant fossadum
768 655 1261 696 nc clerici. Et nõ intret ii nunciũ nc manaria de nullo
766 688 1272 723 qo homine p foro de Felgosino. Et qi in termino de Fel
764 712 1265 759 gosino filiam alienam rausauit ex suam uoluntatẽ ,
765 744 1261 782 pectet ad placiũ CCC sl ⁊ exeat homizieiro. Si qis
765 776 1268 814 aliqis inter uos in mcado aut ĩ ecc ul in ꝯcilio a pgõ fe
764 803 1268 842 rido fecit ferida a suo uicino q pectet LX.ᵃ sl ad ꝯcilio
764 827 1257 870 ⁊ VII.ᵃ ad pl p manum de nro iudice. ⁊ de furto qolib
763 858 1278 891 sedeat ii suus dominꝰ qi colligat suo cabdal et de illa ca
765 890 1280 923 lumpnia pariat cum illo iudice per mediũ . Et qi do
764 912 1281 952 mum edificauit aut uineas aut sua heditate hono
764 937 1265 979 rauit ⁊ uno anno ĩ illa sedit et pꝰea ad aliam tram
765 965 1282 1011 perexit qomo suiat illi tota sua heditas ui habitans fue
763 1000 1273 1040 rit. Et si quesierit illas uende uendat ad quẽ uoluit
765 1025 1273 1067 per foro de Felgosino. Et homines de Felgosino ui ha
765 1058 1273 1093 buint iudiciũ ul iunctã cum homines de alias tras
766 1080 1278 1126 hant medianito p lor couto de suo tmino . Et dou a
764 1116 1268 1158 ub foro q stent caualeiros de Felgosino p ĩfanciones
763 1142 1271 1188 de totas alias tras ĩ iudicio ⁊ in iuramto trouciant
764 1176 1278 1219 super illos cum duos iuradores. Et illos pedones de Fel
761 1208 1277 1245 gosino q stent ⁊ trouciant super illos caualeiros ui
766 1239 1252 1270 lanos de totas alias tras in iudicio ⁊ ĩ iuramto cum
764 1262 1286 1299 duos iuradores. Et oms qi de sua tra exierint cũ homi
766 1289 1271 1326 cidio aut cum muliere rausada ul cum alia calump
765 1318 1267 1354 nia qlibet sit ni q nõ adducat mulierẽ alienã ⁊ torn
765 1345 1267 1381 se ad seniores de Felgosino, sedeat solutus ⁊ deffensus
766 1373 1266 1420 p foro de Felgosino. Et si qus ho de qcumq tra cũ ĩi
764 1401 1282 1441 micitate aut cum pignora uenit ⁊ in tmino de Felgo
764 1430 1277 1470 sino intratus fuit nullus ĩimicꝰ pꝰ illum intret aut pi
763 1459 1273 1502 gnora tollat ul malum illi faciat, pectet ad seniores de
764 1491 1272 1530 Felgosino qingentos sl ⁊ duplet illa pignora aut il
763 1513 1258 1554 los liuores. Et qi homines de Felgosino pignorauit
765 1544 1275 1585 ⁊ ĩ ꝯcilio nõ pecierit ad directum pectet ad seniores de
764 1573 1273 1612 Felgosino LX.ᵃ sl et duplet illa pignora suo dno . ⁊ oms
764 1596 1284 1638 de alia tra qi caualeiro de Felgosino descaualgare pectẽt
765 1626 1271 1673 LX.ᵃ sl . Et homo de Felgosino p qlib fiadoria a medio
765 1658 1275 1700 anno illo nõ reqisierit sedeat solutus. Et si migratꝰ fuit
763 1690 1268 1732 uxor sua ⁊ filii sui sint libi . Et nõ soluant homines de
765 1716 1273 1789 Felgosino pignora p senior nc p maiorino ni p suo uici
