1676 2226
423 158 926 212 no. Et non dent pausadas p foro de Felgosino caualeiros
420 204 912 238 nec clicꝰ nec uiduas ni pedones p manum iudicis. Et
421 225 922 269 homines de Felgosino q suos homines tenuint ĩ suas he
418 259 911 299 ditate aut ĩ suos solares ⁊ nõ fuit ii suo senior ueniãt
421 288 916 327 ad sinal de iudice ⁊ dent fiador ad uenida de suo senior,
420 316 916 354 faciant que mandarẽt , ⁊ calumpnia qlib fecint sit de
420 345 915 377 suo senior ⁊ VII.ᵃ pars ad pal . ⁊ n suiant ad aliũ homi
421 367 910 406 nẽ ni ad suum senior ĩ cuiꝰ solare sedint . ⁊ sua senara
419 399 905 434 aut sua uinea de illo rege Sancii tale pectũ hat
419 424 917 466 qle de illos pplatores . ⁊ qui uicino occidit ⁊ ĩ sua casa fu
419 460 922 498 git , qui post illum ĩtrauit ⁊ ĩ sua casa illum mactar
419 483 935 530 pectet CCC sl . Et qi mulierẽ aforciauit ⁊ illa uoces mit
421 520 920 556 tendo uenit ⁊ ille cum duodecĩ nõ potuit se in libare ,
419 545 912 584 pectet CCC sl . Et qi mulierẽ alienam ferierit pectet
418 577 922 618 a sua uiro XXX sl ⁊ VII.ᵃ ad pal . ⁊ homines de Felgosino
416 608 911 645 qui fiador pararẽt p qlib calumpnia pecierit ⁊ ille fia
418 636 910 672 dor outorgar cum duobꝰ hominibꝰ ꝯ illum ⁊ ille nõ
418 657 920 698 quesierit collige ⁊ super ipm eum mactauit , nos to
418 696 912 730 to ꝯcilio ad illum pectet ⁊ palaciũ de illo rege ⁊ de
418 722 910 756 epo hat calumpniã ⁊ tota alia uilla uno foro, ⁊ alio
419 751 916 782 palacio nõ hat calumpniã . Et omnes de Felgosino
418 775 923 816 qui fiador intrar ⁊ ententor nõ luuar qual fiadoria
418 802 916 842 fiar pectet tal. Et si ententor habuit mittat illum
418 826 912 871 ĩ manus et sic exeat ad illa fiadoria. ⁊ de sospecta
416 860 909 894 X sl a riba feirant duodecĩ casas a deredor ⁊ iurẽt duo
419 886 910 926 homines. ⁊ de X sl ad iusum iure suu outro qle agr
416 912 917 954 q uicinꝰ sit. Et toto homine de Felgosino qi se tornar
419 942 910 979 ad alium senior qui illi benefecit sua casa ⁊ sua he
418 970 917 1002 ditas ⁊ uxor sua ⁊ filii sui sint libi ⁊ absoluti p foro de
420 994 907 1040 Felgosino. ⁊ dono ub forum q n hatis alium seniorẽ
419 1030 922 1067 ni regẽ aut filium suũ aut quẽ uos ꝯcilio quesie
418 1058 920 1098 ritis. Et toto homine de Felgosino qi deserdadu fuit
415 1085 916 1126 ⁊ per sua manu nõ peitar qomo se torne ad sua hedita
414 1116 916 1153 te ubi fuit illa sine ulla calumpnia. Et toto hoie
415 1145 921 1184 de Felgosino qi heditatẽ hauit ĩ alia tra nõ faciat fo
416 1181 912 1211 ssado ni per foro de Felgosino. Et toto homine de Fel
413 1204 922 1247 gosino qui habuit mulierẽ ad benedicoem ⁊ laxauit
413 1232 921 1276 illã pectet I d ad iudicẽ . Et si mulier laxauit suũ
415 1268 917 1304 maritũ pectet CCC sl , medios ad placiũ ⁊ medios ad
414 1291 917 1333 uirũ suum. Et de drotela d sua casa cum lazas ⁊ scutos
411 1321 914 1362 de sua porta adentro pectet CCC sl , medios a suo dno
411 1352 919 1393 ⁊ medios ad palaciũ . Et qui dedit a suo uicino cum
414 1380 920 1420 spada pectet XL sl ⁊ VII.ᵃ ad pal . Et qui dedit lanca
414 1408 920 1443 da a suo uicino ⁊ exierit de una parte ad aliam pectet
414 1434 916 1469 XX sl ⁊ VII.ᵃ ad palaciũ . Et si nõ trocierit, X sl ⁊ VII.ᵃ
413 1462 914 1502 ad pal . Et de plaga un osso exierit pectet X sl qda
411 1486 914 1527 osso ⁊ VII.ᵃ ad pal . ⁊ de alia plaga V sl ⁊ VII.ᵃ ad pal .
410 1516 915 1554 Et per tota pignora siue de ꝯcilio ul de palacio colli
410 1549 915 1585 gat suo fiador por a foro. Et dono ub que nõ hat nlla
408 1574 919 1611 defesa nc ullo monte nec ullo pelago ni illo de toto ꝯci
415 1595 916 1645 lio . ⁊ sunt uros istos tminos : ex una parte qomo exparte
410 1631 911 1669 cum Linares. ⁊ ex alia parte qomo exparte cum Gaude
411 1653 920 1699 la. Et illo montadigo del estremo que mõtẽ caualei
413 1690 916 1726 ros de Felgosino cum seu senior ⁊ pndant sua tcia .
410 1718 921 1788 ⁊ illo montadigo de ganato de Felgosino n sedeat
964 168 1468 220 montadigo. ⁊ de illa carregadura dent ĩ portatico I.ᵒ
969 205 1462 243 arenzo. ⁊ de caualo I sl ⁊ de mulo I sl . Et de asino l
969 232 1469 273 de boue VI d . Et de toto portadigo qi uenit a Felgosi
969 263 1468 304 no ubi pousada pndidit pndat sua tcia . Qicumq
970 286 1462 332 hanc scipturam frange uoluit sit excomunicatꝰ ⁊
970 315 1460 357 dampnatꝰ in perpetuũ , am . Facta carta de foro in
968 341 1468 380 e M.ᵃ CC.ᵃ XX.ᵃ V.ª. Ego rex Sanciꝰ una cum uxore ma
969 369 1468 414 reg Dna Dulcia ⁊ filiis ⁊ filiabꝰ mis ub moratoribꝰ d
969 404 1458 441 Felgosino hanc cartam robo ⁊ ꝯfirmo . Qi psentes
970 431 1468 467 fuerunt: Donus Godinus Bracaren archiepc ꝯf . Ih
972 457 1474 494 eps Visen ꝯf . Donus Mar Colimbrien eps ꝯf . Dõnꝰ
970 489 1474 534 Petrus Fernandi ꝯf . Egeas Anriquiz ꝯf . P. Maza
969 516 1484 561 neira ts . Comes Dõnus M. Gunsal ꝯf . Donus Er
970 545 1475 588 migiꝰ qui tc tra tenebat ꝯf . Dõnus P. Alfonsi ꝯf .
973 583 1470 628 Dõnus Aluarus ꝯf . Fernam Bispo ts . Reimun
970 607 1110 648 Menẽdiz ts .
954 614 1458 682 Ego Alfonsus IIꝰ di gra Port rex una cum
974 660 1458 703 uxore ma regina Dna Vrr ⁊ filiis nris infan
970 695 1474 733 tibꝰ Dõno Sancio ⁊ Donno A ⁊ Dõna Alionor hãc
973 724 1465 763 cartam ⁊ istud forum q pater ms excellentissime
970 751 1458 790 memorie rex Dõnus Sancius fecit ⁊ ꝯcessit
974 780 1471 821 ub pplatoribꝰ de Felgosino ꝯcedo . Ego eis ⁊ ꝯfirmo p
974 806 1480 842 hc scriptum. Et ut ꝯcessio ⁊ ꝯfirmato ma maiꝰ ro
972 833 1475 871 bur obtineat firmitudinis pcepi hanc cartã scbi
973 858 1468 900 ⁊ sigillo mo plumbo ꝯmuniri . Qe fuit facta apd
972 881 1478 922 Colimbriam mense Nouenbi e M.ᵃ CC.ᵃ L.ᵃ V.ᵃ. Et ego
973 910 1470 946 ⁊ uxor ma ⁊ filli nri supnnati qi hanc cartam fi pce
973 934 1468 980 pimus coram subsciptis eam robauimꝰ ⁊ ĩ ea hc sig
974 964 1454 1009 fecimus+++++. Qi affuerunt:
975 993 1469 1038 Dõnus Stephanꝰ Bracaren archiepc ꝯf . Dõnus
973 1023 1478 1070 Mar Port epc ꝯf . Donus Mar Port epc ꝯf Dõnꝰ
977 1059 1479 1096 Petrus Colimbien epc . Dõnus Sueriꝰ Vlixbonen epc .
975 1084 1475 1130 Donus Sueriꝰ Elboren epc . Dõnus Plagiꝰ Lamecen
974 1115 1479 1156 epc . Dõnus Bartolameꝰ Visen epc . Dõnus Mar
973 1147 1478 1192 Egitanien epc ꝯf . Magr Plagius cantor Port ts .
972 1177 1466 1219 Petrus Garsie ts . Ihninꝰ ts . Dõnus Mar Ihis
974 1209 1475 1247 signifer dni regis ꝯf . Dõnus Petrus Io. maiordo
973 1230 1479 1275 mus curie ꝯf . Dõnus Laurenciꝰ Suarii ꝯf . Dõnꝰ
972 1261 1481 1303 Gomeciꝰ Suarii ꝯf . Dõnus Io. Fernandi ꝯf . Dõnꝰ
970 1296 1478 1336 Fernandus Fernandi ꝯf . Dõnus Egidius Valasqiz
970 1321 1475 1366 ꝯf . Dõnus Rodicꝰ Mdi ꝯf . Donus Ponciꝰ Alfõsi
972 1355 1473 1397 ꝯf . Dõnus Lopus Alfonsi ꝯf . Vincenciꝰ Mendi
970 1380 1471 1420 ts . Martinꝰ Petri ts . Gunsaluus Menẽdi cancell
968 1406 1078 1448 curie ꝯf .
