1532 2002
574 255 706 302 D Pena de Dono
141 300 695 340 n nne sce ⁊ inuidue tinitatis patis ⁊ filii ⁊ spu sci amẽ . Vniꝰ summi Di
141 329 688 374 facimꝰ cartã istam ĩ ipsiꝰ nne tinitatis . Ego rex S. Port parit
140 359 695 409 cũ filiis nris ⁊ filias ub homines de Pena de Dono qi ibi nuc ppla
137 392 698 433 tores estis p mandatũ mm ⁊ de filiis mis , siue qi uenerĩt ad pplandũ ,
135 419 699 463 facimꝰ ub cartã sct ⁊ fecimꝰ p scipturam ⁊ p pceptũ nrm firmit te
130 450 694 491 neatis ut habeatis for bonũ sct habẽt hoines de Trocoso. Et nõ
131 473 690 519 detis mi neq ad pgeniẽ mam nec ad aliqe hoiem p homicidio
130 501 692 544 ni VII.ᵃ ad placiũ de CCC sl apciadura p cõciliũ ⁊ p manũ de iu
130 531 699 573 dice. ⁊ nllm pectũ neq ullam calupniã nõ intet ibi nllo meiri
126 558 690 595 no, ni iudex de ꝯcilio . Et faciãt fossadũ la tcia de los caualeiros ⁊
123 582 692 622 due partes stẽt ĩ Pena de Dono. Et de illa una parte qe habuit a ã
129 609 698 653 dar in fossado ⁊ nõ fuit qomo det in fossadeira V sl ĩ apciadura .
126 637 697 678 Et nõ faciamꝰ fossadũ ni cũ nro senior una uice in anno aut nra
124 666 703 712 uoluptas fuit . Et peones nõ faciãt fossadũ neq clici . Et nõ ĩtret
125 686 690 737 ibi nũciũ nec manaria de nllo qo hoie p for de Pena de Dono. Et qi
120 716 700 768 in tmino de Pena de Dono filiã alienã rausar ext suã uolũptatẽ
121 747 693 797 qomo pctet ad placiũ CCC sl ⁊ exeat homizieiro de suis parentibꝰ .
118 772 704 825 Et si aliqis int uos in mcato aut ĩ ecclia aut ĩ ꝯcilio plecato a pegõ
121 804 708 851 feridã fecit ad suũ uicinũ pctet LX sl ad ꝯciliũ p manũ de iudi
120 829 709 877 ce. Et de furto qlibet sedeat qe colligat suo dno cabdal ⁊ de
122 863 693 912 illa calũpnia diuidat cũ iudice p medim . Et qi domũ edificauit
120 893 687 934 aut uineas aut suã heditatẽ honorauit ⁊ uno anno ĩ illa sedit
125 924 693 969 ⁊ postea ad aliã tram fuit qomo seruiat illi tota sua heditas , ubi
119 952 690 999 illi habitãtes fuĩt . Et si qesierit illas uẽde , uẽdat ad qe uoluit
117 984 687 1028 p for de Pena de Dono. Et hoines de Pena de Dono qi habuĩt iudi
116 1011 686 1056 ciũ ul aiuntã cũ hoibꝰ de aliis tris habeãt illos ĩ cabos de suis
119 1037 688 1087 tminis . Et dono ub for qd stet caualeiro de Pena de Dono p ĩfã
117 1067 680 1114 zon de totis aliis tris siue ĩ iuramẽto qomo ĩ iudicio, ⁊ passẽt
117 1098 679 1147 sup illos cũ duobꝰ iuratoribꝰ . Et illos pedones de Pena de Dono
121 1127 693 1170 qe passẽt sup illos caualeiros uillanos de totis aliis tris ĩ iudi
115 1154 692 1204 cio ⁊ ĩ iuramto cũ duobꝰ iuratoribꝰ . Et hoies qi de suis tris exi
114 1183 686 1230 erĩt cũ homicidio aut cũ muliere rausada ul cũ alia calũp
115 1210 692 1257 nia qlibeat sedeat, ni qi nõ aducat mulierẽ alienã de bnedcoe ,
116 1243 673 1279 ⁊ tornet se ad seniorẽ de Pena de Dono, ⁊ sedeat solto ⁊ defeso
114 1270 694 1311 p for de Pena de Dono. Et si qi hoies de qibꝰcũq tris cũ inimicita
114 1301 677 1341 te aut cũ pignore uenit ⁊ ĩ tmino de Pena de Dono ĩttꝰ fuit
113 1323 670 1368 ⁊ aliqis inimicꝰ post illũ ĩtuit ⁊ pignora tollit aut male illi
111 1348 680 1394 fecit , qomo pctet ad senior de Pena de Dono D sl , ⁊ duplet illa
111 1374 680 1423 pignora ad suũ dnm aut illos liuores. Et qi hoies de Pena de
111 1404 680 1451 Dono pignorauit ⁊ ĩ ꝯcilio nõ pecierit directũ qomo pctet ad se
111 1436 680 1481 niorẽ de Pena de Dono LX sl , ⁊ duplet la pignora ad suũ dnm .
111 1464 687 1503 Et hoines de aliis tris qi caualeiro de Pena de Dono descaualgar
111 1490 675 1537 qomo pctẽt illi LX sl . Et hoines de Pena de Dono qi los pis
113 1517 682 1568 ⁊ ĩ pisiõ illos misit qomo pctet illi CCC sl . Et si hoines de Pena de Do
111 1549 683 1596 no pndit alios hoies de aliis tris ĩ pisiõ illos misit , qomo pctet
112 1577 682 1620 illis V sl . Et si hoies de Pena de Dono p qlibet fiadoria a medio
113 1600 666 1651 ãno illũ nõ qesit qd sedeat solto. Et si migtꝰ fuit sĩt filii ⁊
112 1631 676 1686 uxor sua libi . Et nõ soluãt hoines de Pena de Dono pignora
733 44 1263 82 p senior nc p meirino, ni p suo uicino. Et nõ dẽt pausadam per forum
735 66 1292 120 de Pena de Dono ĩ casa de caualeiro nc de uiduis nc de clicis , ni p na
733 98 1271 145 nũ de iudice ĩ casa de peones. Et hoines de Pena de Dono
735 130 1263 175 qi hoines tenuĩt ĩ suis heditatibꝰ aut ĩ suis solares, ⁊ nõ
732 162 1281 200 fuit ibi suo senior, ueniat ad sinal de iudice ⁊ det fia
730 194 1285 226 dor a uinida de suo senior ⁊ faciat qd mandaret. ⁊ calũpnia
736 219 1278 259 qlibet fecit sedeat de suo senior ⁊ VII.ᵃ ad placiũ . ⁊ nõ ser
736 242 1266 286 uiat a nllo hoie ni ad suo senior ĩ cuiꝰ solar souer. Et
736 271 1277 312 sua senara aut suas uineas del rei tal couto habeãt qle
734 301 1276 345 de uicino de Pena de Dono. Et qi uicinũ occidit ⁊ ĩ sua casa
734 331 1286 377 fugit , qi post illũ ĩtre ⁊ ĩ suo casa lo matare pectet CCC sl
734 362 1286 403 ad parẽtes del morto. Et qi mulierẽ aforciauit ⁊ illa uoces
734 393 1291 437 mittẽdo uenit , ⁊ ille cũ XII nõ potuit se salue , pctet CCC
733 420 1273 459 sl ad mulierẽ ⁊ ad suos parẽtes . Et qi mulierẽ alienã
735 448 1291 490 feriret pctet ad suũ maridũ XXX sl ⁊ VII.ᵃ ad placiũ . Et
734 473 1296 515 hoies de Pena de Dono qi fiadores parar p calũpnia illi pecit
730 502 1278 547 ⁊ fiador outorgar cũ duobꝰ uicinis ⁊ ille nõ qesit colige
732 530 1286 577 fiador, ⁊ sup ipm occidit , nos totũ ꝯciliũ pctabimꝰ ipm
732 565 1276 600 homicidiũ . Et placiũ regis ul epi habeãt calũpniã , ⁊
733 590 1287 628 tota alia uilla habeat unũ for ⁊ alid placiũ nõ habeat
732 621 1291 652 calũpniã . Et hoies d Pena de Dono qi fiador ĩtrar ⁊ ꝯtẽtor
730 640 1269 685 habuit , ql fiadoria fiar talẽ pctet . Et si ꝯtẽtor habuit
730 674 1299 719 mittat illũ ĩ manꝰ ⁊ exeat d fiadoria. ⁊ de suspcta de X sl
729 701 1300 742 ad riba cognominet XII uicinos ĩ redor sua casa ⁊ iuret
727 727 1293 769 cũ duobꝰ de eis ⁊ exat de calũpnia . Et de X sl a iuso iuret
726 756 1291 793 sibi altro qles ĩuenit qd uicinos sedeãt . Et toto hoie de Pe
730 780 1300 825 na de Dono qi se tornauit ad aliũ seniorẽ qi bnfecit ei suas casas
726 813 1311 854 ⁊ suas heditates , ⁊ uxor sua ⁊ filii sĩt liberi ⁊ soluti p for de Pena
720 835 1298 884 de Dono. Et do ub for qd nõ habeatis aliũ seniorem ni regem
725 868 1305 906 aut suũ filiũ aut qe uos ꝯciliũ qesieritis . Et toto hoie de Pe
724 898 1298 942 na de Dono qi deserdadꝰ fuit ⁊ p suã manũ nõ lo pctar , qomo se torne
719 926 1302 970 ad suã heditatẽ si illa qesierit sine calũpnia . Et toto hoie de
726 958 1295 999 Pena de Dono qi heditatẽ habuit ĩ alia tra nõ faciat fossadũ ,
725 988 1298 1032 ni p for de Pena de Dono. Et toto hoie de Pena de Dono qi habuit
724 1017 1301 1056 mulierẽ ad bnedctoem ⁊ laxauit eã qomo pctet ad iudicẽ I d .
719 1048 1309 1088 Et si mulier suũ uirũ reliqerit qe habuit ad bnedctoem ut pctet
716 1076 1309 1115 CCC sl , mdios ad placiũ ⁊ mdios ad uirũ suũ . Et de casa derota
719 1106 1306 1148 cũ scudos, spadas ⁊ lanceas, qi la derroper pctet CCC sl , mdios ad
716 1135 1312 1176 dono de casa ⁊ mdios ad placiũ . Et qi dedit ad suũ uicinũ cũ spada
720 1161 1310 1202 pctet XL sl ⁊ VII.ᵃ ad placiũ . Et qi dedit cũ lancea ad suũ uicinũ
712 1191 1315 1234 ⁊ exit de una parte ad aliã pctet XX sl ⁊ VII.ᵃ ad placiũ , ⁊ si nõ exi
713 1220 1311 1264 erit pctet X sl ⁊ VII.ᵃ ad placiũ . Et de plaga ũd os exit cada osso
720 1245 1298 1291 X sl ⁊ VII.ᵃ ad placiũ . Et de plaga alia V sl ⁊ VII.ᵃ ad placiũ . Et p
713 1275 1307 1316 tota pignora siue de ꝯcilio siue de placio colligat fiador sup illa p
710 1304 1303 1346 ad for . Et do ub for qd nõ habeat nllam deuesã nc nllo mõte nc nllo
713 1330 1320 1369 pelago, ni de toto ꝯcilio . Et illo mõtadigo de tmino de Pena de Dono mõ
709 1356 1316 1398 tẽ lo caualeiros de Pena de Dono cũ suo senior ⁊ pndãt ĩd tciã partẽ . Et
709 1386 1315 1434 nllo ganado de Pena de Dono nõ sit mõtado . Et de portatico de pã ⁊ d uino,
709 1413 1316 1458 de carrega III m . Et de caualo ⁊ de mulo, qi lo uẽdit I sl . ⁊ de boue ⁊
709 1441 1326 1488 de asino VI d . De carneiro aut de cabra aut de porco III meal . Et
707 1468 1328 1514 Et de toto portatico qi a Pena de Dono uenit pndat suo hospite tciam .
707 1501 1320 1547 E M.ᵃ CC.ᵃ XXX.ᵃ III.ᵃ. Ego Alfonsꝰ Di gra Port rex una cũ uxore ma
708 1529 1320 1572 regina Dna Vrraca ⁊ filiis nris infantibꝰ Dõno S. ⁊ Dõno Alfonso
704 1561 1313 1606 ⁊ Dõna Alionor, ꝯcedo ⁊ ꝯfirmo ub pplatoribꝰ de Pena de Dono istã cartã
713 1586 1321 1629 ⁊ istd for qd ub dedit pat ms ĩclite memorie rex Dõnꝰ Sã . Et ut
712 1613 1321 1661 factũ mm firmiꝰ rob optineat, pcepi fi istã cartã ⁊ eã feci mo sigillo
710 1636 1268 1718 plumbeo ꝯmuniri . Facta carta mense Octobis apd Trãcosum
