1902 1954
783 172 1620 245 om Afom pella graça de Ds rey de Purtugall ⁊ dos Algarues
752 221 1656 283 d'aaquem ⁊ d'aalem mar em Afriqua, a qntos esta carta virẽ
726 258 1647 319 ffazemos sabr q o conçelho ⁊ homẽes bõos da villa de Saluaterra
669 296 1657 358 nos enujou dizer como lhe era neçesareo o forall da dcta villa pidindo nos
569 328 1654 397 q lhe mandassemos dar o trellado delle. E nos visto sseu dizer ⁊ pidir ⁊ querẽdo lhes
558 374 1657 438 fazer graça ⁊ merçee maandamos a Afom Anes d'Obydos nosso escudeiro ⁊ guada
568 415 1660 478 da nossa Torre do Tonbo ⁊ liurarja q lhe desse o dcto trellado em hũua nossa cta
571 452 1646 521 asijnada p elle ⁊ seellada do nosso seello so nossa hordenança p alua q ffoy
568 496 1662 561 fcto em Estremoz a treze ds de Feuereyro p Antam Diaz o qll em conpmto de nosso
571 537 1660 600 mandado fez buscar as escpturas as da dcta Torre onde foy achado hũu forall
571 576 1683 648 em ho pmro liuo d'el rey Dom Dinjs q tem hũuas de coiro ptas q diz asy: ¶ In noie
560 620 1688 695 sante ⁊ indiuidine Tinitatis Patris ⁊ Filii ⁊ Sps Santi amẽ . Ego Sanciꝰ secũdꝰ
558 664 1682 740 Dei gra Port rex epo Egitan ⁊ uobis pplatoribꝰ de Saluatrra tam pssẽtibꝰ
577 706 1650 770 quã futuris in pmis do uobis pro foro ⁊ terçia pars militũ uadat ĩ fossatũ
569 742 1678 807 rregis una uice ĩ ano ⁊ alii rremaneãt ĩ uilla cum totis peditibꝰ . Et cablla
566 778 1683 861 ri q nõ fuerit ĩ fossatũ cũ rege pectet p fossadaria X ss . Et p omicidio ille
565 815 1678 898 qui fecerit homicidiũ pectet XXX.ᵗᵃ mr ad rrancurosum ⁊ rrancurosꝰ dat inde
573 858 1672 933 septimã ptẽ palacio. Et si p iusticia aliquis fuerit occiisꝰ nichil pectet
574 897 1669 973 pro illo. Et si aliquis dirupit casam q passet limiinare cum armis
568 942 1667 1011 scilicet: cum scutis, cum lanceas, aut cum spatis, aut cum cutelis, uel cum
573 973 1657 1056 porris, uel cum petis pectet D sl rancuroso ⁊ VII.ᵃ palacio. Et qi furatꝰ
565 1019 1701 1084 fuerit pectet p uno nouẽ ⁊ ĩtentor recipiat suũ integrũ ⁊ alias octo ptes
569 1060 1668 1119 diuidat cũ iudice p mediũ . Et qi mulierẽ afforciauerit illa clamando
575 1100 1669 1166 dixerit q ab illo est aforciata ⁊ ille negauerit iuret cũ duodecĩ uicinis et
567 1140 1697 1204 exeat de ipa calupnia ⁊ ssi nom potuerit iurare pectet ad illa CCC sl ⁊ VII.ᵃ
573 1180 1672 1245 pallacio ⁊ testis mẽtirossꝰ ⁊ fiel mentirosꝰ pectet LX sl ⁊ VII.ᵃ pallacio ⁊
569 1226 1704 1283 sit deitatꝰ de concillio. Et milites ul pedones q nõ fuerint in apelidũ exeptis
575 1266 1677 1328 hiis q suũt ĩ suicio allieno miles pectet X sl ⁊ pedes V sl ad suos uici
558 1309 1690 1369 nos. Qqui habuerit aldeyã ⁊ unũ iugũ boum XL oues ⁊ unũ asinũ ⁊ II.ᵃ leitos
566 1341 1700 1415 emeat equm. Mulier q dimisit uirum suum legitimũ pectet uiro suo CCC
566 1390 1684 1452 ss ⁊ VII.ᵃ palacio. Qi dephẽderit uxorem suam in adulterio cognito relinqt
564 1427 1675 1488 eam ⁊ maritꝰ ⁊ filii habeant oia bona sua ⁊ illi pectẽt iudici I d . Et
564 1469 1684 1533 si aliquis homo uoluerit ppt hec ei malle facere pectet D sl ad cõciliũ
561 1512 1662 1572 ⁊ eiciat de uilla pro traditore ⁊ VII.ᵃ pallacio. Qi equitauerit equm alienũ
567 1557 1683 1608 sine mandato domini sui pectet X mr et tornet equm in saluo. Et qi per
566 1592 1685 1658 cuserit cũ lancea aut cũ spata aut cũ cuitello pectet XX sl ⁊ VII.ᵃ palacio.
