1535 1958
275 177 1347 256 Et si transierit ad aliam partẽ ⁊ posuerit magm sup se pectet XII mr rã
263 230 1352 293 curoso ⁊ VII.ᵃ palacio. Qi fregerit ocm aut dentem aut brachiũ p unoqo mẽbro
263 275 1342 327 pectet XII mrs rancuroso ⁊ VII.ᵃ palacio. Q mulierẽ alienã de recabedo per
262 308 1355 370 cuserit pectet ei LX.ᵃ sl . Et si nom habuerit recabedũ pectet XXX.ᵗᵃ sl ⁊ VII.ᵃ pa
254 347 1343 403 llacio ⁊ sit inimicꝰ de suis parentibꝰ . Qi marcum mutauerit in aliam here
255 386 1351 444 ditatem pectet X.ᵃ mrs cõcilio ⁊ VII.ᵃ palacio. Qi limitem alienã fregerit pectet
267 428 1352 480 XX.ᵃ sl cõcilio ⁊ VII.ᵃ palacio. Qi conductariũ alienũ matauerit ad dnm eiꝰ pectet
246 462 1344 525 homicidiũ ⁊ VII.ᵃ palacio. Similiter de ortalano ⁊ de quartario ⁊ de molea
250 504 1342 559 dinario ⁊ solarẽgo . Qi habitauerit in domibꝰ aut in hereditatibꝰ alienis
252 542 1350 600 nõ faciant fazendeiram nec suiant ni dominis suis in quor domo aut
248 584 1343 640 hereditate sederĩt Moratores de Saluaterra. Qi in rregno meo habuerint
246 621 1350 684 hereditatis aut possesiones suy homines nom seuiant neq faciant inde forũ .
241 664 1348 726 Et si fecerit calupniã nõ pectet eam. Si p forum de Saluatrra dnis suis
232 702 1358 761 uicini de Saluaterra habeant suas hereditates in toto meo rregno in pace. Et
245 742 1348 800 si aliquis eis illas accepit p tortũ pectet mi D sl ⁊ duplet hereditatem do
243 779 1333 844 mino suo tende ⁊ molendini ⁊ furni de Saluatrra sit liberi de toto foro m
246 821 1334 880 illites de Saluatrra stẽt ĩ iudicio p potestibꝰ ⁊ infancionibꝰ rregni mey
242 857 1354 922 Clici de Saluatrra sint liberi ab omi fisco laicali ⁊ habeat honores ⁊ he
256 898 1345 963 reditates sic milites et nõ rrespondeãt ni clicater p epm uel p archidia
244 939 1346 1007 cono ab ora pma usq ad terçiam. Homines de Saluaterra nõ rrespo
245 982 1368 1044 ndeant sine rancuroso. Eccelia de Saluatrra unaqq de sua parrochia
242 1021 1352 1081 accipiant singulas faegies de omi pane. Et mortariũ et decimã de omi
236 1057 1326 1128 lucro de pane ⁊ de uino ⁊ de lino ⁊ de piscato ⁊ de uenacione ⁊ de omibꝰ fructuos
242 1095 1337 1166 et pecoribꝰ et epꝰ habeat inde totã terciam partem eps ⁊ clerici terciam partẽ
232 1139 1364 1201 ⁊ crelici terciam partem axpẽdant ĩ ornamentis ⁊ ĩ libris eclesiar ⁊ ubii retũ
237 1178 1387 1243 fuerit. Et unaqq eccliam habeat suam parrochiam demarcatam habitatores
238 1218 1333 1285 de Saluaterra nõ sint maiordomi nec seuicales ꝯtra suam uoluntatem
237 1255 1344 1324 alcaldes ⁊ iudices mitãtr cum cõssilio epi p bnplacitum concilii pedites
230 1296 1337 1366 de Saluatrra sint in iudicio pro militibꝰ uillanis alteriꝰ terrẽ uicinꝰ qui
237 1339 1341 1409 uenerit uoceiriꝰ ꝯt suum uicinum p homine alteriꝰ terrẽ pectet X sl ⁊ VII.ᵃ
243 1376 1357 1453 pallacio si nõ fuerit ab alcaldibꝰ datꝰ uoceriꝰ . Homines de Saluaterra
241 1415 1348 1494 nõ dent pausatã ꝯt suam uoluntatem. Morator de Saluaterra si inimicꝰ
240 1463 1335 1537 eiꝰ sup eum sine treugua mate cũ sine calunpniã montes ⁊ fontes ⁊
241 1497 1357 1570 flumina sint cilii ⁊ uenarii ⁊ barrarii. Domꝰ de Saluatrra habeant unũ
243 1539 1346 1616 forum exeptis domibꝰ rregis ⁊ epi q hant cautũ sex miliũ solidorũ
242 1589 1354 1658 morator de Saluaterra pꝰq ibi habitauit unũ anũ uendat suas hereditates
