<?xml version='1.0' encoding='utf-8'?>
<PcGts xmlns="http://schema.primaresearch.org/PAGE/gts/pagecontent/2019-07-15" xmlns:xsi="http://www.w3.org/2001/XMLSchema-instance" xsi:schemaLocation="http://schema.primaresearch.org/PAGE/gts/pagecontent/2019-07-15 http://schema.primaresearch.org/PAGE/gts/pagecontent/2019-07-15/pagecontent.xsd">
  <Metadata>
	<Creator>escriptorium</Creator>
	<Created>2024-02-26T17:13:49.518495+00:00</Created>
        <LastChange>2024-02-26T17:13:49.518555+00:00</LastChange>

  </Metadata>
  <Page imageFilename="3.jpg" imageWidth="1536" imageHeight="1958">

    
    <TextRegion id="eSc_textblock_321fb784" custom="structure {type:text;}">
      <Coords points="955,78 986,91 1048,178 1191,160 1295,204 1326,352 1339,552 1339,677 1317,704 1317,786 1339,800 1339,969 1365,1079 1365,1121 1334,1192 1347,1378 1365,1414 1347,1448 1369,1492 1365,1634 1334,1652 1131,1669 1091,1726 1051,1740 1047,1822 1017,1808 938,1830 905,1817 913,1783 957,1756 952,1718 970,1708 943,1674 852,1678 830,1705 834,1774 757,1787 744,1778 738,1669 677,1670 642,1762 651,1774 561,1795 547,1817 522,1813 517,1757 478,1726 464,1661 364,1634 191,1626 187,1396 130,1334 143,1287 187,1282 191,1225 174,1073 182,913 156,860 182,616 169,274 191,213 390,204 438,187 504,87 586,117 595,164 581,186 600,204 738,213 778,191 821,208 903,178 939,142 955,78" />
      
      
      <TextLine id="eSc_line_7ca14c15" custom="structure {type:default;}">
        <Coords points="1273,195 1166,197 1163,197 1079,215 1009,215 980,202 979,202 977,202 976,202 947,217 858,214 857,214 757,221 690,208 684,208 641,225 555,225 505,212 503,212 502,212 501,212 399,214 398,214 397,214 373,228 257,231 194,219 195,252 195,270 246,262 403,259 431,264 455,268 456,268 457,268 477,263 490,259 498,263 509,267 510,267 511,267 825,256 858,261 859,261 901,253 959,258 960,258 1002,249 1004,249 1057,254 1058,254 1107,245 1116,243 1280,240 1281,227 1278,196 1273,195" />
        <Baseline points="195,252 788,249 1281,227" />
        <TextEquiv>
          <Unicode>uicino ⁊ nom religiossis ganatum de Saluatrra nõ sit mõtatũ in regno</Unicode>
        </TextEquiv>
      </TextLine>

      
      
      <TextLine id="eSc_line_3f924945" custom="structure {type:default;}">
        <Coords points="194,290 194,311 261,303 362,308 414,311 416,311 437,308 473,300 492,306 504,310 506,310 507,310 509,310 520,306 537,300 559,305 574,308 576,308 603,305 634,300 705,301 822,306 824,306 873,298 901,295 930,298 997,305 998,305 1000,305 1025,296 1033,293 1057,295 1119,301 1121,301 1123,301 1124,301 1136,293 1137,293 1147,293 1227,300 1229,300 1289,290 1291,269 1286,249 192,261 194,290" />
        <Baseline points="195,291 846,288 1145,278 1292,270" />
        <TextEquiv>
          <Unicode>meo uicini de Saluatrra nom dent portagiũ nec pasagiẽ in toto rregno meo.</Unicode>
        </TextEquiv>
      </TextLine>

      
      
      <TextLine id="eSc_line_3fd9f4d5" custom="structure {type:default;}">
        <Coords points="1039,282 1023,282 1000,293 930,285 925,285 909,285 892,287 876,287 860,287 780,298 696,298 669,288 664,288 652,288 599,298 551,288 550,288 537,288 520,300 457,290 452,290 439,290 409,301 349,292 190,292 192,329 192,354 360,350 362,350 364,350 373,342 414,349 422,350 424,350 434,349 473,341 517,347 530,349 532,349 533,349 535,349 537,347 550,339 693,344 780,345 781,345 783,345 785,345 791,341 801,336 891,339 985,342 987,342 989,342 1013,336 1029,332 1044,336 1070,341 1072,341 1074,341 1085,334 1090,332 1129,334 1255,339 1256,339 1297,329 1299,306 1294,277 1225,290 1196,279 1194,279 1180,279 1142,279 1140,279 1139,279 1137,279 1137,280 1124,292 1043,280 1039,282" />
        <Baseline points="194,330 830,325 1132,318 1300,307" />
        <TextEquiv>
          <Unicode>Et qui pdiderit equm suum sit excusatꝰ p unũ anũ ⁊ nullꝰ pectet homicidiũ</Unicode>
        </TextEquiv>
      </TextLine>

      
      
      <TextLine id="eSc_line_3a72eddb" custom="structure {type:default;}">
        <Coords points="195,370 195,388 234,391 236,391 254,387 276,382 293,387 311,390 312,390 407,383 423,383 427,383 460,388 461,388 462,388 475,382 480,380 485,382 491,387 492,387 493,387 494,387 496,387 506,382 511,379 595,377 640,377 646,379 654,383 655,383 657,383 658,383 666,379 673,375 744,375 758,377 791,382 793,382 824,376 834,374 844,375 870,379 871,379 921,374 940,372 948,373 974,379 975,379 1136,369 1141,369 1143,369 1193,376 1194,376 1314,365 1314,350 1310,323 1192,335 1169,326 1167,325 1166,325 1126,325 1125,325 1092,326 1091,326 1089,326 1087,328 1073,336 1055,330 1054,330 1053,330 1051,330 1050,330 1039,337 1014,330 1013,330 1012,330 981,337 955,331 940,328 939,328 877,329 876,329 868,333 853,340 741,337 735,337 734,337 733,337 732,337 724,342 698,338 697,338 696,338 690,338 621,343 611,340 598,335 597,335 596,335 595,335 576,341 573,341 563,341 466,336 465,336 385,339 384,339 363,347 361,347 354,347 300,341 299,341 298,341 281,348 281,349 194,350 195,370" />
        <Baseline points="195,370 418,362 862,363 1314,350" />
        <TextEquiv>
          <Unicode>nec calupniam pro suo mancipio nec pro suo fillio ni eum defemderit ⁊ ĩ domo</Unicode>
        </TextEquiv>
      </TextLine>

      
      
      <TextLine id="eSc_line_b2fe1fd3" custom="structure {type:default;}">
        <Coords points="195,410 196,430 231,419 338,428 339,428 340,428 353,422 413,427 414,427 415,427 416,427 434,416 497,416 550,426 551,426 599,415 675,417 691,425 692,425 694,425 695,425 725,414 870,423 871,423 924,412 1034,420 1035,422 1070,422 1070,420 1071,420 1091,412 1118,419 1119,419 1120,419 1158,411 1177,419 1178,419 1179,419 1303,418 1304,392 1301,364 1200,373 1170,366 1166,365 1105,365 1104,365 1103,365 1098,367 1085,373 1071,367 1070,367 1069,367 1068,367 1067,367 1066,367 1057,373 1000,369 999,369 998,369 997,369 989,376 939,376 920,369 910,367 909,367 908,367 907,367 901,370 890,376 798,372 738,369 737,369 720,373 698,378 683,374 671,370 670,370 605,370 604,370 583,376 578,376 568,376 510,372 509,372 477,377 459,380 442,378 423,375 422,375 403,378 387,382 194,382 195,410" />
        <Baseline points="195,410 450,402 1017,401 1304,392" />
        <TextEquiv>
          <Unicode>sua recepit pro totis querelis de palaco iudex sit uoceyrꝰ q abstulerit pignꝰ</Unicode>
        </TextEquiv>
      </TextLine>

      
      
      <TextLine id="eSc_line_a0e11e00" custom="structure {type:default;}">
        <Coords points="196,448 196,454 336,460 337,460 338,460 354,454 356,453 358,454 373,461 374,461 375,462 435,462 435,461 436,461 450,453 453,452 457,453 475,460 476,460 477,461 537,461 537,460 584,459 585,459 598,453 602,451 620,453 663,457 664,457 714,452 739,450 798,450 804,452 819,456 820,456 821,457 883,457 883,456 884,456 896,451 903,449 975,451 1046,453 1047,453 1063,451 1080,448 1085,451 1091,454 1092,454 1093,454 1094,454 1123,450 1150,447 1161,450 1170,453 1171,453 1172,453 1318,449 1318,435 1315,412 1122,415 1118,414 1103,407 1101,407 1100,407 1099,407 1087,414 1084,416 1039,416 1022,415 964,409 963,409 923,416 919,416 915,416 881,411 880,411 819,417 813,417 812,417 799,411 798,411 720,411 719,411 717,411 703,418 702,418 665,413 664,413 663,413 642,419 640,419 637,419 587,412 586,412 537,420 534,420 527,420 425,414 424,414 423,414 409,422 392,414 391,414 350,414 349,414 348,414 316,423 288,415 287,415 227,415 226,415 225,415 195,424 196,448" />
        <Baseline points="196,448 501,440 1318,435" />
        <TextEquiv>
          <Unicode>iudici pectet I sl . Qui pcuserit in eccliam aut in concilio aut in mercato pectet</Unicode>
        </TextEquiv>
      </TextLine>

      
      
      <TextLine id="eSc_line_76d724e9" custom="structure {type:default;}">
        <Coords points="192,489 192,505 271,504 273,504 306,492 362,502 363,502 364,502 389,492 439,501 440,501 441,501 469,494 493,499 494,499 496,499 515,491 536,502 539,503 540,503 541,503 558,502 660,489 688,500 694,502 695,502 696,502 721,500 821,489 856,489 877,498 878,498 880,498 883,498 946,490 971,497 982,500 983,500 984,500 985,500 994,497 1001,493 1029,497 1037,497 1038,497 1047,496 1107,488 1125,496 1137,500 1138,500 1140,500 1171,494 1202,489 1211,494 1223,500 1224,500 1225,500 1227,500 1244,493 1248,492 1312,492 1315,477 1310,444 1281,453 1266,447 1265,447 1264,447 1262,447 1244,454 1198,448 1197,448 1196,448 1170,456 1105,448 1089,445 1019,445 1018,445 1017,445 1010,449 1004,452 998,449 993,445 992,445 991,445 989,445 950,450 935,451 925,450 894,445 893,445 892,445 878,451 877,451 865,451 787,448 786,448 785,448 773,452 760,457 724,453 721,453 720,453 719,453 717,453 707,460 533,460 510,456 455,448 454,448 405,457 390,461 374,459 331,452 330,452 329,452 306,460 302,461 300,460 286,452 285,452 283,452 282,452 257,461 254,462 191,462 192,489" />
        <Baseline points="192,489 404,479 1315,477" />
        <TextEquiv>
          <Unicode>LX sl rancuroso ⁊ VII.ᵃ palacio ⁊ saclegiũ p ecclia epo . Si homines de Salua</Unicode>
        </TextEquiv>
      </TextLine>

      
      
      <TextLine id="eSc_line_c94ad227" custom="structure {type:default;}">
        <Coords points="199,525 199,540 381,539 382,539 384,539 410,529 488,529 506,537 509,538 510,538 511,538 512,538 514,537 537,528 575,534 576,534 649,528 664,536 670,538 671,538 672,538 745,536 746,536 749,535 761,529 776,535 787,538 788,538 789,538 860,534 959,527 1055,527 1069,531 1078,534 1079,534 1080,534 1100,531 1121,528 1128,530 1143,537 1144,537 1145,537 1184,535 1185,535 1195,530 1204,526 1244,526 1252,529 1264,536 1265,536 1266,536 1309,528 1310,516 1308,485 1228,493 1214,486 1214,485 1212,485 1211,485 1163,485 1162,485 1161,485 1158,486 1142,494 1057,487 1045,487 1044,487 1033,488 970,494 951,489 942,486 940,486 939,486 862,487 861,487 850,490 832,496 804,490 783,487 782,487 753,491 725,496 700,492 687,490 686,490 648,492 630,493 629,492 620,487 618,487 617,487 579,487 578,487 577,487 559,493 552,496 547,493 526,487 525,487 524,487 465,488 464,488 446,496 441,497 417,496 299,488 298,488 296,488 265,498 197,498 199,525" />
        <Baseline points="199,525 494,516 1310,516" />
        <TextEquiv>
          <Unicode>trra habuerit iudiciũ cum hominibꝰ alteriꝰ terrẽ nõ curat int eos fma s</Unicode>
        </TextEquiv>
      </TextLine>

      
      
      <TextLine id="eSc_line_98ec254d" custom="structure {type:default;}">
        <Coords points="196,568 196,578 263,581 264,581 265,581 271,578 282,573 301,577 302,577 303,577 304,577 328,571 360,578 374,581 375,581 376,581 385,578 409,567 555,567 646,567 689,577 699,579 700,579 722,577 808,567 843,577 848,578 849,578 850,578 860,577 921,565 948,574 949,574 950,574 1011,565 1034,576 1036,577 1037,577 1038,578 1093,578 1093,577 1094,577 1097,576 1116,569 1160,576 1165,576 1166,576 1322,575 1323,554 1321,526 1257,531 1244,526 1230,521 1229,521 1228,521 1227,521 1211,526 1202,522 1200,522 1199,522 1174,527 1156,531 1146,527 1126,519 1125,519 1124,519 1071,527 956,521 955,521 908,530 900,531 869,530 793,528 791,528 766,531 754,534 748,533 732,527 731,527 729,527 728,527 717,533 712,536 675,536 671,533 655,524 654,524 653,524 652,524 580,531 561,523 560,523 559,523 512,530 501,524 500,524 499,524 424,524 423,524 374,534 365,529 364,529 363,529 281,537 262,531 261,531 259,531 195,538 196,568" />
        <Baseline points="196,568 518,554 1323,554" />
        <TextEquiv>
          <Unicode>exqisa aut rectũ qle uoluerint homines de Saluaterra. Qi millites de Salua</Unicode>
        </TextEquiv>
      </TextLine>

      
      
      <TextLine id="eSc_line_921e2f19" custom="structure {type:default;}">
        <Coords points="201,611 201,622 265,621 266,621 285,612 327,621 330,621 331,621 332,621 335,621 368,608 511,608 526,615 527,615 528,615 529,615 544,606 634,606 664,615 675,618 676,618 677,620 711,620 711,618 712,618 726,614 756,605 775,614 777,614 778,614 779,614 785,613 822,606 835,613 845,617 846,617 847,617 848,617 869,612 897,605 927,610 928,610 975,604 992,611 996,612 997,612 998,612 1016,610 1042,606 1059,610 1098,616 1099,616 1159,610 1283,615 1284,615 1285,615 1307,605 1307,592 1305,573 1180,573 1154,561 1153,561 1126,561 1125,561 1124,561 1088,573 1053,567 1051,567 1050,567 1037,573 1013,562 1012,562 972,561 971,561 970,561 950,566 914,562 913,562 912,562 881,574 816,567 815,567 785,574 751,563 750,563 749,563 748,563 705,574 663,563 662,563 572,563 571,563 494,564 493,564 451,577 376,577 326,566 325,566 324,566 281,578 200,578 201,611" />
        <Baseline points="201,611 299,602 498,595 1307,592" />
        <TextEquiv>
          <Unicode>terra desornauit de suis caballis p forciam pectet mi D sl ⁊ duplet equm</Unicode>
        </TextEquiv>
      </TextLine>

      
      
      <TextLine id="eSc_line_dd13d18a" custom="structure {type:default;}">
        <Coords points="190,648 190,661 312,661 312,660 313,660 315,659 344,650 419,659 427,659 428,659 429,659 430,659 449,648 486,658 490,659 491,659 492,659 503,658 583,647 643,647 661,657 663,658 664,658 665,658 666,658 685,657 778,646 825,654 836,657 837,658 946,658 946,657 947,657 954,653 974,645 1023,645 1038,653 1041,654 1042,654 1043,654 1044,654 1045,654 1050,653 1078,645 1130,652 1133,652 1134,652 1136,652 1173,643 1210,651 1211,651 1212,651 1314,650 1315,635 1312,608 1237,612 1229,608 1221,604 1220,604 1219,604 1169,609 1115,613 1098,609 1071,602 1070,602 1069,602 1032,610 1016,613 1009,610 994,602 993,602 992,602 951,611 944,612 937,611 911,603 910,603 909,603 908,603 881,611 870,614 852,612 808,604 807,604 756,612 737,615 733,613 723,608 722,608 721,608 720,608 700,613 695,614 690,613 659,604 658,604 657,604 655,604 627,613 580,604 579,604 539,612 511,605 510,605 509,605 508,605 474,615 468,616 459,615 386,605 385,605 343,606 342,606 320,616 304,612 303,612 302,612 189,617 190,648" />
        <Baseline points="190,648 535,634 1315,635" />
        <TextEquiv>
          <Unicode>dno suo. Homines qi uoluerint pasare ĩ termino de Saluatrra dent mõtaticũ</Unicode>
        </TextEquiv>
      </TextLine>

      
      
      <TextLine id="eSc_line_85b16a7b" custom="structure {type:default;}">
        <Coords points="440,637 439,637 437,637 437,639 429,646 426,649 195,649 195,691 195,696 424,690 453,696 463,698 465,698 466,698 468,698 468,696 470,696 478,686 523,685 589,696 603,698 605,698 618,696 656,688 688,696 698,698 700,698 701,698 703,698 705,698 706,696 718,686 729,696 731,696 731,698 732,698 734,698 736,698 762,695 840,686 884,686 896,695 896,696 897,696 899,696 901,696 902,696 904,696 905,695 917,686 998,686 1010,695 1012,696 1013,696 1015,696 1016,696 1018,696 1026,695 1057,686 1085,695 1087,695 1088,695 1090,695 1092,695 1093,695 1118,686 1276,693 1279,678 1278,641 1016,639 1015,639 977,642 891,651 839,644 796,637 794,637 734,644 688,649 677,644 661,637 659,637 657,637 623,646 610,647 602,646 581,637 579,637 577,637 527,646 506,649 486,646 442,637 440,637" />
        <Baseline points="196,693 327,678 514,673 1280,680" />
        <TextEquiv>
          <Unicode>de grege ouium IIII.ᵒʳ carnarios de grege porcor IIII.ᵒʳ porcos de basto uacarũ I</Unicode>
        </TextEquiv>
      </TextLine>

      
      
      <TextLine id="eSc_line_d866ae42" custom="structure {type:default;}">
        <Coords points="930,674 928,674 914,682 903,686 881,682 844,675 843,675 841,675 816,684 787,692 727,686 726,686 725,686 711,691 685,686 680,686 679,686 645,687 571,690 567,689 543,676 542,676 500,676 499,676 434,691 416,697 357,697 353,694 338,685 337,685 336,685 315,685 314,685 313,685 279,696 277,697 192,697 193,733 193,738 257,733 360,737 361,737 362,737 385,725 429,725 452,733 453,733 454,733 455,733 477,725 658,725 675,732 676,732 677,732 678,732 695,724 754,724 786,733 787,733 788,733 789,733 803,728 886,735 887,735 888,735 889,735 975,723 1031,730 1032,730 1062,725 1089,734 1091,734 1092,734 1119,734 1220,733 1221,733 1237,726 1298,733 1301,712 1298,673 1200,682 1180,675 1179,675 1178,675 1177,675 1175,675 1174,675 1121,692 1073,677 1068,676 1067,676 1066,676 1055,678 1019,685 1008,679 1002,675 1001,675 1000,675 931,674 930,674" />
        <Baseline points="193,733 302,721 514,712 1301,712" />
        <TextEquiv>
          <Unicode>uaca istud montaticũ sit concilii ⁊ decima epi ⁊ ecclie . Milites qi in fossato</Unicode>
        </TextEquiv>
      </TextLine>

      
      
      <TextLine id="eSc_line_1912ac6f" custom="structure {type:default;}">
        <Coords points="1025,713 1023,713 972,721 963,713 961,713 959,713 958,713 956,713 912,726 696,713 695,713 693,713 669,726 638,713 636,713 634,713 633,713 597,722 585,713 584,713 582,713 566,713 550,713 533,713 532,713 530,713 510,722 479,713 473,713 473,714 461,724 439,714 437,714 435,714 419,716 412,716 367,719 365,719 364,719 350,730 190,730 190,732 192,771 192,776 426,765 541,773 543,773 545,773 577,761 680,761 690,771 692,771 693,771 695,771 749,761 768,771 773,775 775,775 776,775 778,775 786,771 816,761 850,771 863,775 865,775 866,775 868,775 870,775 873,771 887,761 948,770 950,770 951,770 953,770 954,770 954,768 963,761 997,770 1000,770 1002,770 1007,770 1062,761 1077,770 1088,775 1090,775 1092,776 1142,776 1142,775 1144,775 1157,768 1170,761 1207,768 1238,773 1240,773 1299,766 1300,753 1299,730 1238,716 1237,716 1235,716 1204,729 1158,719 1157,719 1155,719 1140,727 1124,717 1123,717 1121,717 1119,717 1118,717 1077,727 1026,713 1025,713" />
        <Baseline points="194,772 363,758 552,749 1302,754" />
        <TextEquiv>
          <Unicode>aut in guarda aut in algara aut in lite pdiderint equos suos erigant illos</Unicode>
        </TextEquiv>
      </TextLine>

      
      
      <TextLine id="eSc_line_d2aa1d56" custom="structure {type:default;}">
        <Coords points="287,764 280,764 271,771 201,771 200,772 199,771 189,771 190,808 190,814 317,813 318,813 354,804 419,813 420,813 422,813 457,800 572,800 611,811 612,811 613,811 614,811 636,800 657,804 658,804 659,804 678,799 725,799 769,809 770,809 771,809 797,800 848,806 849,806 850,806 851,806 863,799 935,799 968,811 969,811 970,811 1026,798 1073,799 1095,811 1096,811 1097,812 1301,812 1302,789 1301,769 1210,767 1178,756 1177,756 1175,756 1174,756 1133,767 1010,758 1009,758 866,766 850,757 849,757 848,757 811,757 810,757 809,757 782,767 766,761 765,761 764,761 735,765 714,757 713,757 608,757 607,757 558,758 556,758 555,758 543,765 528,761 527,761 526,761 471,766 424,758 423,758 422,758 399,769 293,763 287,764" />
        <Baseline points="190,808 391,792 592,785 1302,789" />
        <TextEquiv>
          <Unicode>sine qinta ⁊ postea dent mi qintam directam. Homo de Saluaterra qi inuenerit</Unicode>
        </TextEquiv>
      </TextLine>

      
      
      <TextLine id="eSc_line_495f1c5c" custom="structure {type:default;}">
        <Coords points="181,849 181,851 349,851 349,850 353,850 404,839 429,848 430,848 431,848 536,840 598,848 599,848 655,837 698,837 723,847 724,847 725,847 726,847 741,839 757,845 758,845 759,845 760,845 776,836 911,836 992,836 1031,844 1032,844 1066,836 1103,844 1104,844 1142,836 1165,846 1166,846 1167,847 1254,847 1254,846 1255,846 1256,846 1274,839 1309,845 1310,827 1309,811 1224,799 1223,799 1110,810 1051,799 1050,799 1049,799 1011,810 979,801 977,801 976,801 934,807 914,797 913,797 877,795 876,795 843,801 785,795 784,795 783,795 756,801 650,795 649,795 599,806 583,796 581,796 580,796 463,796 462,796 461,796 406,812 372,799 370,799 369,799 368,799 335,814 333,815 180,815 181,849" />
        <Baseline points="181,849 399,832 617,823 1310,827" />
        <TextEquiv>
          <Unicode>homines alteriꝰ terrẽ in suis terminis incidendo aut ducendo madeirã de mon</Unicode>
        </TextEquiv>
      </TextLine>

      
      
      <TextLine id="eSc_line_a127ad71" custom="structure {type:default;}">
        <Coords points="200,883 200,893 344,891 345,891 380,881 413,891 414,891 415,891 416,891 465,873 534,883 535,883 595,872 725,872 737,877 738,877 739,877 740,877 752,872 795,877 796,877 831,872 876,888 877,888 878,888 880,888 914,873 940,877 942,877 943,877 957,872 996,888 997,888 998,888 999,888 1026,878 1072,888 1073,888 1074,888 1125,875 1191,878 1236,891 1237,891 1239,891 1279,883 1298,891 1299,891 1301,893 1329,893 1330,866 1328,833 1294,839 1281,833 1278,832 1277,832 1276,832 1274,832 1270,833 1230,848 1193,837 1192,837 1191,837 1190,837 1175,845 1150,835 1142,832 1141,832 1140,832 1138,832 1129,835 1119,839 1079,836 1024,832 1023,832 994,837 983,839 979,837 967,832 965,832 892,832 890,832 889,832 888,832 878,838 835,840 747,844 735,841 694,832 692,832 616,843 574,832 573,832 534,832 533,832 455,839 454,839 441,846 437,848 423,846 398,843 397,843 395,843 379,847 374,849 199,849 200,883" />
        <Baseline points="200,883 430,866 633,860 1330,866" />
        <TextEquiv>
          <Unicode>tibꝰ accipiat qntũ eis inuenerit sine calupnia iudex de omibꝰ calũpniis ⁊ qintis</Unicode>
        </TextEquiv>
      </TextLine>

      
      
      <TextLine id="eSc_line_3350a293" custom="structure {type:default;}">
        <Coords points="475,864 473,864 471,864 414,881 354,871 352,871 350,871 349,871 337,882 217,882 202,882 202,931 215,942 377,931 377,930 378,930 380,930 393,918 496,915 527,928 528,928 530,928 532,928 533,928 546,916 561,926 563,926 564,926 566,926 568,926 595,913 695,913 721,923 723,923 724,923 726,923 728,923 739,913 860,923 861,923 972,913 1028,930 1029,930 1031,930 1087,921 1142,930 1144,930 1145,930 1170,920 1227,930 1229,930 1230,930 1232,930 1247,920 1315,930 1318,913 1317,882 1263,872 1261,872 1260,872 1247,879 1232,869 1230,869 1229,869 1227,869 1170,881 1137,866 1136,866 1134,866 966,877 922,864 920,864 918,864 917,864 878,876 839,864 837,864 835,864 834,864 806,874 749,864 747,864 745,864 710,874 700,864 698,864 696,864 494,864 478,864" />
        <Baseline points="203,932 449,912 730,900 1320,914" />
        <TextEquiv>
          <Unicode>qs sacauerit habeat VII.ᵃ ptẽ . Et si captꝰ ei fregerit unde suspecꝰ habeatr saluet</Unicode>
        </TextEquiv>
      </TextLine>

      
      
      <TextLine id="eSc_line_e70c107c" custom="structure {type:default;}">
        <Coords points="950,905 933,905 917,903 901,903 896,903 863,912 840,902 839,902 835,902 819,902 803,902 742,902 741,902 739,902 737,902 724,912 638,903 636,903 566,913 554,907 543,907 541,907 530,916 510,908 510,908 494,908 478,910 461,910 445,912 429,913 412,913 403,913 367,930 364,930 362,930 337,920 331,921 315,923 306,923 300,930 300,931 200,931 202,969 202,979 409,957 605,956 631,970 633,970 634,970 636,970 729,952 757,962 759,962 760,962 762,962 763,962 776,952 858,957 860,957 899,949 989,964 990,964 1307,959 1307,944 1304,913 1029,916 958,905 950,905" />
        <Baseline points="203,970 710,935 1308,946" />
        <TextEquiv>
          <Unicode>se cum uno uicino ⁊ ego debo recipe qintas sine ofcone si quis ad uram uillam</Unicode>
        </TextEquiv>
      </TextLine>

      
      
      <TextLine id="eSc_line_0ed6bac4" custom="structure {type:default;}">
        <Coords points="1220,944 1217,943 1180,956 1171,957 1155,956 1075,946 1074,946 997,956 961,941 959,941 788,941 786,941 785,941 783,941 768,951 732,941 731,941 729,941 641,956 592,943 584,944 577,944 538,952 507,947 502,949 486,951 470,951 453,952 437,954 421,954 404,956 388,957 372,957 357,959 341,961 324,961 308,962 292,964 275,964 259,965 243,967 226,967 210,969 208,961 194,961 195,1008 195,1011 346,1001 364,1010 365,1010 367,1010 368,1010 412,992 488,1008 489,1008 491,1008 492,1008 520,992 599,992 612,1001 612,1003 613,1003 615,1003 617,1003 692,992 737,1000 739,1000 741,1000 742,1000 755,990 940,990 948,996 948,998 950,998 951,998 953,1000 1082,1000 1088,1003 1096,1008 1098,1008 1100,1008 1101,1008 1276,1000 1278,983 1276,956 1230,944 1220,944" />
        <Baseline points="196,1009 344,988 676,975 1279,984" />
        <TextEquiv>
          <Unicode>uenerit acipere cibos aut aliquam rem p forciam ⁊ ibi mortuus fuerit aut</Unicode>
        </TextEquiv>
      </TextLine>

      
      
      <TextLine id="eSc_line_b6752e16" custom="structure {type:default;}">
        <Coords points="207,1038 207,1046 315,1049 316,1049 347,1044 403,1034 437,1043 454,1047 455,1047 456,1048 498,1048 498,1047 499,1047 510,1042 527,1033 615,1039 630,1041 632,1041 639,1039 680,1031 802,1036 804,1036 806,1036 807,1036 838,1030 914,1030 928,1034 950,1043 951,1043 952,1043 954,1043 971,1034 981,1029 1011,1033 1060,1041 1061,1042 1179,1042 1179,1041 1180,1041 1199,1032 1265,1041 1266,1041 1326,1027 1327,1022 1324,998 1305,999 1302,998 1284,988 1283,988 1282,988 1211,999 1199,1001 1119,1001 1116,1000 1086,987 1085,987 1084,987 1024,998 934,984 933,984 806,985 804,985 757,1002 705,986 704,986 703,986 620,993 560,987 559,987 506,988 505,988 472,1006 439,1000 438,1000 393,1008 393,1009 206,1010 207,1038" />
        <Baseline points="207,1038 666,1014 1327,1022" />
        <TextEquiv>
          <Unicode>pcussꝰ nom pectet p illis omicidium nec sint homicide de suis parentibꝰ . Et</Unicode>
        </TextEquiv>
      </TextLine>

      
      
      <TextLine id="eSc_line_64223cb1" custom="structure {type:default;}">
        <Coords points="200,1076 200,1095 248,1089 341,1093 358,1093 360,1093 361,1093 364,1092 400,1080 432,1091 438,1092 439,1092 440,1092 441,1092 446,1089 478,1073 508,1072 550,1072 564,1079 565,1079 566,1079 567,1079 583,1070 677,1070 701,1079 702,1079 703,1079 704,1079 724,1072 769,1079 770,1079 771,1079 803,1068 865,1071 866,1071 868,1071 869,1071 877,1066 924,1076 932,1077 933,1077 934,1077 938,1076 959,1069 974,1073 975,1073 976,1073 1010,1067 1059,1073 1116,1080 1117,1080 1277,1076 1278,1076 1311,1066 1323,1062 1338,1064 1339,1057 1335,1035 1099,1038 1078,1030 1076,1030 1075,1030 1030,1038 970,1033 969,1033 968,1033 954,1038 928,1031 927,1031 811,1027 810,1027 596,1032 549,1043 510,1034 509,1034 508,1034 475,1047 457,1041 456,1041 455,1041 426,1046 382,1035 381,1035 380,1035 379,1035 347,1050 199,1054 200,1076" />
        <Baseline points="200,1076 686,1052 1154,1060 1339,1057" />
        <TextEquiv>
          <Unicode>si aliquis fuerit cum querimonia deo ad rregem aut dominum terre pectet</Unicode>
        </TextEquiv>
      </TextLine>

      
      
      <TextLine id="eSc_line_4304dd70" custom="structure {type:default;}">
        <Coords points="195,1117 195,1130 321,1130 321,1129 323,1129 344,1117 367,1129 368,1129 370,1129 372,1130 424,1130 424,1129 426,1129 427,1129 465,1112 559,1127 561,1127 563,1127 564,1127 600,1111 732,1111 773,1122 775,1122 776,1122 778,1122 817,1111 902,1111 918,1124 920,1124 922,1124 923,1124 987,1111 1087,1124 1088,1124 1132,1116 1144,1124 1145,1124 1147,1124 1149,1124 1152,1124 1234,1116 1251,1124 1253,1124 1255,1124 1256,1124 1354,1122 1354,1103 1351,1063 1188,1075 1168,1065 1163,1063 1162,1063 1160,1063 1140,1067 1088,1075 1067,1067 1046,1060 1044,1060 1043,1060 1041,1060 1013,1068 1007,1070 1003,1068 987,1060 985,1060 984,1060 930,1070 927,1070 925,1070 904,1060 902,1060 794,1060 793,1060 791,1060 790,1060 775,1070 636,1062 634,1062 633,1062 631,1062 620,1070 610,1062 608,1062 607,1062 530,1062 528,1062 452,1078 440,1080 435,1078 424,1073 422,1073 421,1073 194,1081 195,1117" />
        <Baseline points="197,1118 662,1093 1356,1104" />
        <TextEquiv>
          <Unicode>C mrs medietatem rregi et medietatem concilio. De armis usq ad X mrs</Unicode>
        </TextEquiv>
      </TextLine>

      
      
      <TextLine id="eSc_line_9de3668b" custom="structure {type:default;}">
        <Coords points="204,1157 204,1163 291,1158 362,1162 364,1162 365,1162 366,1162 395,1153 424,1156 425,1156 426,1156 446,1147 523,1147 551,1160 552,1160 553,1160 554,1160 579,1147 610,1154 611,1154 612,1154 613,1154 625,1146 691,1146 766,1146 786,1156 787,1156 788,1156 789,1156 810,1146 828,1153 830,1153 831,1153 832,1153 852,1146 875,1154 876,1154 877,1154 908,1148 928,1158 935,1161 936,1161 937,1162 972,1162 972,1161 973,1161 982,1158 1007,1148 1026,1158 1027,1158 1029,1158 1030,1158 1034,1158 1068,1150 1088,1157 1098,1160 1099,1160 1100,1160 1122,1157 1130,1156 1135,1157 1156,1161 1157,1161 1182,1156 1211,1150 1233,1156 1249,1160 1250,1160 1252,1160 1320,1155 1321,1147 1320,1122 1212,1122 1185,1110 1184,1110 1183,1110 1182,1110 1181,1110 1163,1122 1162,1123 1147,1123 1146,1122 1119,1111 1118,1111 1117,1111 1073,1114 1038,1104 1037,1104 1036,1104 1035,1104 1018,1112 956,1104 955,1104 954,1104 925,1112 911,1104 910,1104 909,1104 810,1104 809,1104 765,1113 746,1104 745,1104 690,1104 689,1104 591,1106 590,1106 561,1116 531,1107 530,1107 529,1107 471,1121 450,1116 449,1116 448,1116 406,1123 308,1119 307,1119 203,1124 204,1157" />
        <Baseline points="204,1157 584,1132 768,1132 1321,1147" />
        <TextEquiv>
          <Unicode>nõ detis qintam nec de panis nec de coriis scissis qi p unũ anũ uel duos rra</Unicode>
        </TextEquiv>
      </TextLine>

      
      
      <TextLine id="eSc_line_54ff9dc8" custom="structure {type:default;}">
        <Coords points="204,1193 204,1203 308,1203 308,1201 378,1188 436,1203 438,1203 439,1203 440,1203 441,1203 474,1185 496,1185 573,1199 574,1199 575,1199 612,1185 698,1185 818,1185 838,1195 839,1195 840,1195 906,1186 972,1199 973,1199 1010,1191 1031,1200 1032,1200 1033,1200 1087,1194 1150,1204 1159,1205 1160,1205 1305,1204 1306,1186 1305,1158 1204,1157 1203,1157 1202,1157 1197,1158 1179,1162 1163,1158 1132,1147 1131,1147 1130,1147 1129,1147 1092,1158 1074,1162 1041,1158 1031,1157 1004,1144 1002,1144 1001,1144 1000,1144 961,1158 958,1159 955,1158 921,1144 920,1144 843,1144 841,1144 806,1151 778,1144 777,1144 636,1143 635,1143 634,1143 616,1148 600,1143 599,1143 598,1143 481,1159 477,1160 204,1160 204,1193" />
        <Baseline points="204,1193 593,1171 1306,1186" />
        <TextEquiv>
          <Unicode>puit ⁊ pꝰea rapere dimisit si p aliq re inpetitꝰ fuerit saluet se tãq</Unicode>
        </TextEquiv>
      </TextLine>

      
      
      <TextLine id="eSc_line_9de865f7" custom="structure {type:default;}">
        <Coords points="374,1184 363,1184 352,1185 342,1185 304,1196 200,1198 201,1233 201,1245 441,1240 442,1240 472,1230 558,1230 615,1242 616,1242 617,1242 659,1229 874,1229 894,1234 895,1234 896,1234 943,1229 979,1242 980,1242 981,1242 982,1242 1006,1234 1041,1243 1042,1243 1043,1243 1044,1243 1100,1231 1142,1242 1143,1242 1144,1243 1209,1243 1209,1242 1210,1242 1235,1234 1260,1242 1261,1242 1262,1243 1310,1243 1311,1227 1310,1197 1125,1197 1073,1186 1072,1186 1071,1186 1038,1197 1037,1198 983,1198 981,1197 909,1180 859,1180 858,1180 857,1180 810,1194 781,1188 779,1188 753,1194 729,1180 728,1180 727,1180 659,1180 658,1180 605,1181 604,1181 573,1192 537,1181 536,1181 467,1181 466,1181 465,1181 429,1198 428,1198 374,1183 374,1184" />
        <Baseline points="201,1233 608,1212 795,1212 1311,1227" />
        <TextEquiv>
          <Unicode>latro ⁊ si latro est ⁊ latro fuit subeat pena latronis. Qi filiam alienam</Unicode>
        </TextEquiv>
      </TextLine>

      
      
      <TextLine id="eSc_line_d79f7943" custom="structure {type:default;}">
        <Coords points="206,1272 206,1287 280,1286 281,1286 300,1278 313,1284 314,1284 315,1284 362,1283 363,1283 395,1268 424,1280 425,1280 426,1280 427,1280 465,1268 590,1286 591,1286 592,1286 632,1267 661,1266 858,1272 859,1272 860,1272 870,1268 890,1274 892,1274 893,1274 962,1266 1013,1281 1014,1281 1016,1281 1097,1271 1123,1284 1124,1284 1125,1285 1326,1285 1327,1272 1326,1238 1192,1238 1178,1231 1177,1231 1175,1231 1174,1231 1149,1237 1091,1225 1089,1225 1088,1225 1048,1237 1006,1225 1005,1225 1004,1225 1002,1225 986,1234 940,1234 922,1224 921,1224 838,1223 837,1223 807,1230 782,1223 781,1223 683,1223 682,1223 600,1234 502,1224 501,1224 500,1224 452,1240 404,1228 403,1228 402,1228 348,1240 277,1235 276,1235 205,1241 206,1272" />
        <Baseline points="206,1272 611,1253 979,1258 1327,1272" />
        <TextEquiv>
          <Unicode>rausauerit det tam suis parentibꝰ ⁊ pectet eis CC mrs ⁊ VII.ᵃ palacio ⁊ ssit</Unicode>
        </TextEquiv>
      </TextLine>

      
      
      <TextLine id="eSc_line_c59c20af" custom="structure {type:default;}">
        <Coords points="202,1323 268,1317 280,1321 281,1321 282,1321 283,1321 326,1310 364,1323 365,1323 366,1323 426,1318 441,1323 442,1323 443,1323 444,1323 474,1309 544,1309 593,1320 595,1320 596,1320 597,1320 610,1311 671,1308 749,1308 814,1321 815,1321 816,1321 845,1309 963,1315 964,1315 1000,1309 1047,1324 1048,1324 1049,1324 1050,1324 1092,1311 1179,1324 1180,1324 1181,1326 1315,1326 1316,1315 1315,1284 1165,1272 1163,1272 1162,1272 1120,1283 1066,1267 1064,1267 1063,1267 1062,1267 1020,1279 1006,1274 1005,1274 1004,1274 955,1282 932,1272 931,1272 930,1272 928,1272 890,1282 819,1267 671,1266 670,1266 588,1273 543,1269 542,1269 541,1269 540,1269 526,1278 499,1269 498,1269 497,1269 400,1271 202,1283 202,1312" />
        <Baseline points="202,1312 494,1297 788,1295 1022,1297 1316,1315" />
        <TextEquiv>
          <Unicode>homicida cassariꝰ eregis ⁊ epi ⁊ boues ⁊ ganatum habeant for qsi</Unicode>
        </TextEquiv>
      </TextLine>

      
      
      <TextLine id="eSc_line_1fcd95f0" custom="structure {type:default;}">
        <Coords points="196,1355 196,1366 319,1369 320,1369 321,1369 331,1366 342,1361 374,1365 375,1365 376,1365 393,1359 405,1365 410,1367 411,1367 412,1367 413,1367 417,1365 446,1351 504,1357 505,1357 506,1357 531,1349 695,1348 759,1348 782,1360 783,1360 784,1360 785,1360 826,1348 855,1359 856,1359 897,1361 898,1361 899,1361 925,1353 951,1361 954,1362 955,1362 956,1364 989,1364 989,1362 991,1362 993,1361 1018,1348 1033,1355 1034,1355 1035,1355 1036,1355 1056,1348 1093,1361 1094,1361 1095,1361 1096,1362 1153,1362 1153,1361 1154,1361 1156,1360 1173,1354 1318,1359 1319,1349 1317,1319 1187,1320 1185,1320 1178,1315 1177,1315 1175,1315 1174,1315 1109,1315 1088,1306 1087,1306 1086,1306 1085,1306 1054,1320 1014,1304 1013,1304 940,1304 939,1304 796,1314 713,1306 712,1306 645,1312 519,1308 518,1308 517,1308 485,1323 427,1310 426,1310 425,1310 407,1318 370,1315 369,1315 368,1315 341,1327 314,1322 313,1322 312,1322 311,1322 303,1328 301,1329 195,1329 196,1355" />
        <Baseline points="196,1355 615,1331 992,1336 1319,1349" />
        <TextEquiv>
          <Unicode>uicini. Qi pcuserit crelicum aut dirrupit eccliam pectet D sl . ⁊ aueniat</Unicode>
        </TextEquiv>
      </TextLine>

      
      
      <TextLine id="eSc_line_42d065e7" custom="structure {type:default;}">
        <Coords points="434,1341 432,1341 430,1341 429,1341 412,1355 391,1342 388,1344 380,1344 370,1354 208,1357 210,1388 210,1404 310,1403 311,1403 313,1403 329,1393 406,1403 408,1403 409,1403 447,1385 475,1393 476,1393 478,1393 523,1385 537,1395 538,1395 540,1395 541,1395 543,1395 582,1383 625,1391 626,1391 628,1391 654,1385 675,1396 677,1396 679,1396 680,1396 682,1396 682,1395 696,1383 778,1383 801,1396 803,1396 804,1396 806,1396 807,1396 842,1383 918,1383 971,1398 972,1398 974,1398 1029,1385 1070,1396 1072,1396 1074,1396 1075,1396 1106,1386 1139,1399 1140,1399 1142,1401 1317,1401 1318,1386 1317,1354 1101,1354 1021,1337 1020,1337 1018,1337 985,1352 923,1342 922,1342 855,1351 839,1339 837,1339 835,1339 834,1339 786,1347 776,1339 775,1339 773,1339 607,1339 605,1339 479,1341 478,1341 476,1341 468,1349 435,1341 434,1341" />
        <Baseline points="211,1390 614,1367 934,1371 1297,1388 1320,1388" />
        <TextEquiv>
          <Unicode>se cum epo et si negauerit q nõ pcussit eum saluet se cum XII bois</Unicode>
        </TextEquiv>
      </TextLine>

      
      
      <TextLine id="eSc_line_4605f5e6" custom="structure {type:default;}">
        <Coords points="202,1427 202,1438 308,1440 310,1440 311,1440 319,1438 360,1424 388,1424 412,1436 416,1439 417,1439 418,1439 419,1439 428,1436 441,1433 460,1436 464,1436 465,1436 466,1436 467,1436 508,1424 547,1435 554,1438 555,1438 556,1438 608,1435 674,1431 675,1431 676,1431 689,1423 826,1423 846,1433 847,1433 885,1436 886,1436 903,1433 949,1423 977,1429 979,1429 980,1429 994,1423 1020,1432 1036,1438 1037,1438 1038,1438 1039,1438 1049,1432 1068,1422 1112,1432 1143,1438 1144,1438 1187,1432 1296,1438 1297,1438 1298,1438 1318,1430 1318,1426 1317,1394 1174,1394 1153,1385 1152,1385 1150,1385 1075,1388 1054,1381 1053,1381 1051,1381 1050,1381 1020,1390 1004,1381 1002,1381 877,1381 876,1381 875,1381 845,1389 809,1384 808,1384 684,1390 663,1381 662,1381 630,1381 629,1381 566,1382 565,1382 523,1394 426,1382 425,1382 424,1382 397,1396 355,1396 326,1386 325,1386 324,1386 323,1386 304,1396 201,1396 202,1427" />
        <Baseline points="202,1427 460,1410 646,1406 971,1409 1181,1423 1318,1426" />
        <TextEquiv>
          <Unicode>hominibꝰ cum iuratis. Qi fiadoriam fiauerit qle fiauerit tale pectet si nõ</Unicode>
        </TextEquiv>
      </TextLine>

      
      
      <TextLine id="eSc_line_26f59e03" custom="structure {type:default;}">
        <Coords points="197,1473 280,1466 335,1471 336,1471 385,1460 436,1467 437,1467 485,1457 517,1471 518,1471 519,1471 584,1456 624,1456 642,1466 643,1466 645,1466 646,1466 667,1456 776,1456 798,1465 799,1465 800,1465 801,1465 802,1465 818,1455 969,1455 989,1463 991,1463 992,1463 1029,1457 1108,1470 1110,1470 1111,1470 1112,1470 1113,1470 1122,1465 1130,1470 1131,1470 1132,1470 1133,1470 1303,1469 1304,1463 1302,1433 1150,1433 1147,1432 1136,1427 1135,1427 1134,1427 1073,1432 1050,1433 1044,1431 1004,1418 1002,1418 1001,1418 884,1428 871,1421 870,1421 869,1421 796,1428 760,1419 759,1419 683,1419 682,1419 571,1429 570,1429 502,1420 501,1420 500,1420 471,1429 452,1434 439,1429 437,1428 436,1428 435,1428 426,1429 391,1434 377,1429 363,1422 362,1422 361,1422 360,1422 344,1428 326,1436 216,1436 197,1428 197,1465 197,1473" />
        <Baseline points="197,1465 423,1450 754,1443 924,1444 1187,1460 1304,1463" />
        <TextEquiv>
          <Unicode>habuerit suum intẽptorem ⁊ ssi habuerit eum ostendat eum in concillio</Unicode>
        </TextEquiv>
      </TextLine>

      
      
      <TextLine id="eSc_line_0fa0cbc6" custom="structure {type:default;}">
        <Coords points="1140,1457 1124,1455 1108,1455 1106,1453 1103,1458 1060,1452 1059,1452 1043,1450 1026,1448 1010,1448 806,1448 804,1448 752,1460 732,1447 731,1447 729,1447 688,1447 687,1447 685,1447 683,1447 661,1461 631,1447 630,1447 585,1447 571,1447 569,1447 568,1447 515,1465 514,1465 512,1465 471,1457 470,1457 416,1465 411,1465 391,1450 390,1452 380,1452 354,1465 352,1465 195,1465 195,1499 194,1509 323,1510 324,1510 326,1510 328,1510 341,1502 437,1510 447,1510 448,1510 450,1510 452,1510 468,1501 543,1506 545,1506 592,1496 612,1506 613,1506 615,1506 677,1497 688,1507 690,1507 692,1507 693,1507 695,1507 696,1507 713,1496 804,1496 881,1496 891,1506 892,1506 894,1506 896,1506 897,1506 925,1497 941,1509 943,1509 945,1509 946,1509 948,1509 987,1499 1065,1512 1070,1512 1072,1512 1078,1512 1168,1502 1340,1512 1343,1499 1341,1468 1173,1468 1171,1466 1140,1457 1140,1457" />
        <Baseline points="197,1501 473,1486 947,1480 1345,1501" />
        <TextEquiv>
          <Unicode>⁊ sit liber. Et nõ uendantr bona fideiussoris anteqm uendantr bona debitoris</Unicode>
        </TextEquiv>
      </TextLine>

      
      
      <TextLine id="eSc_line_058fa4b2" custom="structure {type:default;}">
        <Coords points="339,1494 336,1494 320,1503 199,1503 199,1541 197,1547 318,1547 318,1546 319,1546 363,1534 400,1543 401,1543 402,1543 428,1533 451,1543 452,1543 453,1543 490,1541 506,1546 510,1547 511,1547 512,1547 523,1546 604,1534 654,1534 670,1543 671,1543 672,1543 700,1544 701,1544 702,1544 732,1534 836,1534 907,1545 922,1547 923,1548 951,1548 951,1547 952,1547 958,1545 982,1535 1037,1541 1038,1541 1039,1541 1054,1535 1084,1541 1085,1541 1135,1537 1152,1545 1156,1547 1157,1547 1203,1551 1204,1551 1323,1544 1324,1538 1323,1507 1132,1493 1131,1493 1075,1503 1032,1492 1031,1492 979,1492 977,1492 976,1492 942,1501 899,1493 898,1493 897,1493 875,1502 830,1491 828,1491 786,1492 785,1492 745,1504 635,1490 518,1490 517,1490 479,1497 454,1495 453,1495 452,1495 436,1503 435,1503 344,1493 339,1494" />
        <Baseline points="199,1541 348,1527 630,1519 1020,1522 1324,1538" />
        <TextEquiv>
          <Unicode>si ca habuerit. Et qi pignorauerit uicinum de Saluaterra ni fuerit fide</Unicode>
        </TextEquiv>
      </TextLine>

      
      
      <TextLine id="eSc_line_e3ba5409" custom="structure {type:default;}">
        <Coords points="432,1523 398,1535 396,1535 393,1535 370,1525 368,1525 367,1525 365,1525 347,1535 346,1535 337,1535 306,1530 297,1532 280,1533 264,1533 248,1535 231,1537 215,1538 199,1540 199,1572 197,1585 383,1587 385,1587 386,1587 388,1587 399,1577 461,1582 463,1582 465,1582 466,1582 483,1572 519,1589 520,1589 522,1589 523,1589 525,1589 550,1572 561,1582 563,1582 564,1582 566,1582 662,1572 679,1582 680,1582 682,1582 683,1582 726,1579 737,1589 739,1589 741,1589 742,1589 744,1589 776,1574 817,1584 819,1584 821,1584 822,1584 840,1576 956,1576 977,1592 979,1592 981,1592 982,1592 1056,1577 1083,1590 1085,1590 1087,1590 1088,1590 1111,1581 1152,1595 1155,1595 1157,1595 1158,1595 1160,1595 1163,1595 1199,1585 1216,1595 1217,1595 1219,1595 1220,1597 1318,1597 1320,1579 1317,1537 1211,1543 1201,1535 1199,1535 1198,1535 1196,1535 1189,1535 1160,1541 1124,1535 1098,1532 1096,1532 1095,1532 1078,1535 1052,1541 1026,1535 987,1527 985,1527 984,1527 959,1535 954,1537 899,1535 582,1523 581,1523 579,1523 577,1523 559,1535 554,1538 512,1538 506,1535 491,1527 489,1527 488,1527 453,1532 443,1523 432,1523" />
        <Baseline points="200,1574 370,1564 665,1558 1048,1564 1322,1581" />
        <TextEquiv>
          <Unicode>iussor aut debitor pectet X mrs . Qi fecerit mandam cum uxore sua usq</Unicode>
        </TextEquiv>
      </TextLine>

      
      
      <TextLine id="eSc_line_bb096b9b" custom="structure {type:default;}">
        <Coords points="200,1616 200,1646 244,1646 244,1645 245,1645 264,1637 320,1642 321,1642 323,1642 349,1634 436,1645 437,1645 438,1645 486,1628 530,1637 531,1637 602,1631 672,1640 673,1640 742,1628 869,1628 910,1641 911,1641 912,1641 913,1641 948,1629 1017,1629 1037,1639 1038,1639 1039,1639 1144,1630 1200,1646 1202,1646 1203,1647 1355,1647 1356,1619 1355,1591 1264,1591 1262,1590 1246,1581 1245,1581 1244,1581 1243,1581 1231,1587 1211,1580 1210,1580 1209,1580 1160,1588 1138,1577 1137,1577 1136,1577 1109,1582 1027,1577 1026,1577 926,1589 882,1577 881,1577 880,1577 819,1585 778,1577 777,1577 776,1577 744,1588 727,1582 726,1582 725,1582 687,1587 648,1576 647,1576 551,1576 550,1576 549,1576 523,1590 485,1590 443,1576 442,1576 441,1576 440,1576 415,1590 379,1590 358,1579 357,1579 290,1579 289,1579 288,1579 256,1589 200,1589 200,1616" />
        <Baseline points="200,1616 379,1608 860,1604 1073,1609 1310,1622 1356,1619" />
        <TextEquiv>
          <Unicode>ad medietatem stet ⁊ qui fregerit eam pectet C mrs ⁊ VII.ᵃ palacio qi obierit</Unicode>
        </TextEquiv>
      </TextLine>

      
    </TextRegion>
    
    </Page>
</PcGts>