1535 1954
255 203 1332 267 subitanea mort dent qintam de sua hereditate ⁊ de habe p aia eiꝰ e suum di
252 244 1342 311 rectum habeat in ecclia ⁊ epo qi habuerit filhos uel parentes qi calup
252 284 1363 348 nias faciant nom rrespondeant p eis si eos nõ manu tentauerĩt iunior
250 324 1352 384 uel suus qi uobiscum habitauerit uno anno sit liber ipe ⁊ semẽ eiꝰ qui
250 361 1363 426 pependerit hominẽ de Saluatrra pectet D sl medietatẽ regi ⁊ medietatẽ
250 405 1336 462 rancuroso. De uenda qi uenerit ad uilam nostram de pane ⁊ de uino
251 448 1367 501 ⁊ de carnibꝰ ⁊ de piscato ⁊ de pomis quando uilla ura fuerit minguata
250 484 1369 542 nullꝰ eam conpret sine mandate de alcaldibꝰ ⁊ si eam comparauerit
249 517 1357 586 pectet LX sl alcaldibꝰ ⁊ concilio ⁊ VII.ᵃ palacio. Regatariꝰ nõ conpet
251 563 1348 618 ante horã de nona de portagio ⁊ de passagie ⁊ de decimis de mauris ⁊ de
248 603 1349 656 xianis due partis dentr regi e terciã ospiti salua decima ecclie omnis
237 633 1370 698 homo de Saluaterra qi cõpleuit directũ p iuramentũ osculetr a suo inimico
240 680 1366 742 ⁊ sint amici qi pcuserit alcaldem pro iꝰticia quam faciat pectet L mrs
243 712 1334 782 uel pdat manũ homo qi fuerit mãfitꝰ p alcalde ⁊ uoluerit ee pectet V
238 746 1339 816 mrs concilio ⁊ sit alcalde. Homines de Saluaterra nom rrespondeant ad
244 791 1365 858 alias calupnias nisi ad istas que escpte sunt in hac carta portagium
237 832 1344 898 talle est de equo de mulo de mula I sl de troixel de burel aut de
236 859 1347 946 linõ I sl de carrega de fustanibꝰ V sl de panibꝰ de coloribꝰ V sl de
237 895 1342 980 carrega de piscato I sl de carrega de asino VI d de carrega de coneliis
241 929 1344 1030 xianor V sl et de mauris I mr et de quanto uendiderint aut
244 970 1365 1047 conprauerint mauri dent decimã partem ⁊ unũ corium rubeum ptori
241 1009 1352 1087 ⁊ suum directum ecclie de equo q uendiderint ĩ mecato I sl de mauro
246 1047 1357 1128 qui se redimerit aut cum domino suo pepigerit decimã de porco II d
244 1082 1354 1170 de furire II d de corio de uaqua ul de cerua II d de corio de ceruo ul
241 1123 1342 1206 de gamo III meal de carrega de oleo V sl de carrega de pane uel de
239 1162 1345 1247 uino III meal de boue uel de asino VI d de carrega de peon I d
236 1198 1347 1281 de marabitino canbiare II d de carrega de peixotis ul de coriis
252 1237 1354 1320 q duxerint ad aliud regnum V sl de oleo V sl de sardinis V sl
246 1266 1367 1367 de salle I sl de carrega de peixotis uel de congris q rremãserint ĩ
247 1309 1337 1411 uilla de Saluatrra II sl md de carrega de cera xianis V sl
246 1353 1393 1447 istas portagines dent mauri ⁊ xiani qi nõ habitauerint ĩ Saluatrra
247 1388 1357 1481 nec ĩ suis terminis homines de Saluaterra nõ sint dati in pre
257 1429 1350 1514 stimonio et si quis habuerit iudicium cum hominibꝰ alteriꝰ terre
260 1470 1342 1551 nõ dent neq accipiant directum ni in termino de Saluaterra et cum
255 1514 1345 1587 totis causis q escpte suũt in hac carta nõ sse erigãt ni ad for de
255 1556 1344 1625 Saluaterra uel ad regem ⁊ de toto portagio rex habeat duas ptes ⁊
262 1595 1345 1664 ospes tertiam ⁊ iudex q concilium ul sesmꝰ ul alcaldes manferirẽt
