1536 1954
193 182 1291 273 si uoluerint ee pct⁊ V mrs concilio. ¶ Concedo uobis ut detis mi p colecta
195 224 1325 307 de unaquaque domo una uice ĩ ano VI d et concedo uobis ut habeatis
195 268 1296 346 uestros locus cautatus ⁊ si aliquis pignorauerit uos ĩ uestis locis
198 306 1278 387 pectet LX sl rancurosꝰ ⁊ septimã palacio ptor uel dominꝰ nõ sit
198 346 1309 420 ĩ uozaria si aliquis habuerit pactum cum pretore uel cũ rico homine
205 386 1308 460 uel cum cõcilio si se uoluerit alcare ad meã curiam alcet e mãdo q nõ
206 420 1319 501 habeatis alium dnm n me uel filium meum ⁊ nõ aliũ ni uolueritis uicinꝰ
201 462 1303 538 de Saluaterra nõ capiatr nec desonretr p calũpnia q faciat si haberit
206 501 1307 581 p q sanet eam ul dederit suficientẽ fideiussorẽ termini aut q ub do
200 540 1325 615 ⁊ concedo in ppetuũ suũt isti comodo incipit in serra de Palares et uadit
210 587 1303 654 ad fluuium de elgia ⁊ qomodo intrat elgia ĩ Tagũ de inde qomo p uenã
210 624 1297 694 Tagi usq ad uadum de Godiana ⁊ de inde qomo uenit de Tago p ualem
193 661 1281 734 de Godiana usq ad Cabeças Mesadas de Cima de execana de inde qomo
192 700 1304 782 uadit p Valem Longum ⁊ de inde qomo uadit ad castelum Bucatum ⁊ de inde
201 744 1299 821 qomo uenit p diuisiones ad tauulam de toula de inde qomo uenit ad Cabeçam
203 781 1304 854 de Morachi ⁊ de inde qomo uadit ad Morachel ⁊ de inde qomo uadit ad Serrã
198 822 1304 897 de Pallares. Facta carta apd Guardam II.ᵃ die Maii, e M.ᵃ CC.ᵃ LXVII.
197 861 1290 939 Ego Sanciꝰ Secundꝰ Dei gra Port rex qi hanc cartam iusi fieri eam
205 903 1345 990 coram sub scptis ppriis manibꝰ roboraui ⁊ meo sigilo feci comuniri. Qi psẽtes
201 957 340 1017 fuerunt:
193 965 827 1055 Ego Dõnꝰ P. Iohais maiordomꝰ curie
195 1016 816 1095 Ego Dõnꝰ Mtinꝰ Iohis signifer curie
197 1040 877 1133 Ego Dõnꝰ Fenãdꝰ Fernãdi tenẽs Bragãcia
195 1074 959 1177 Ego Dõnꝰ Rodicꝰ Sancii tenẽs a Dorio usq ad Limã
197 1121 781 1209 Ego Dõnꝰ Apl Peti tenẽs Lamecũ ⁊ Viseũ
197 1164 789 1248 Ego Dõnꝰ Egidii Valasqi tenẽs Sausã
195 1190 882 1289 Ego Dõnꝰ Ponciꝰ Alfonsi tenẽs Bayã ⁊ Beyrã
190 1239 850 1320 Ego Dõnꝰ Sueriꝰ Pelagii tenẽs Ripã Miini
193 1278 889 1364 Ego Dõnꝰ Fernãdꝰ Iohis tenẽs Terrã de Sta M.
1053 1073 1120 1131 ꝯff .
206 1354 531 1426 Petrꝰ Fnãdi Port.
206 1393 796 1472 Stephanꝰ Suerii filiꝰ doni Suerii Didadi
206 1437 535 1506 Petrꝰ Suerii eiꝰ ffr
205 1475 685 1550 Petrꝰ Martini supiudex Regi
201 1524 747 1612 Petrꝰ Pelagii capellanꝰ dni Regis
907 1454 962 1530 ts .
