1787 2338
348 46 1549 159 Aos pouoradores do Castelo de Molas. Foral p q lhe el Rey comcedeo
383 87 1508 202 o dito lugar com seus termos limitados e declarados et c .
134 161 1599 255 In nne sce ⁊ indiuidue tinitatis patis ⁊ filii ⁊ spu sci amẽ . Ego rex Afonsꝰ ⁊ do ⁊ concedo a ub concilio d Molas ad
140 223 1615 287 popular illo castello qi uocat Molas p foro d Salamãca , ut illos homines qui ibi pplauerĩt habeãt foros bonos qomo
137 263 1624 331 habẽt homines qui bonos foros habẽt . Et nõ dtis michi nec ad pgenie mee nec ad nullo homine p homicidio nisi
136 296 1636 379 septima pte d CCC sl in apciadura p concilio ⁊ p manu d alcaldes. Et nullo pecto nec nulla callumpnia nõ in
140 337 1615 416 tret ibi nuncio nec mo meirino nec iudice nisi totũ p iudiciũ d alcaldes. Et faciatis fossado una uice ĩ ãno
133 366 1644 457 uadãt tcia pte d caualeiros ⁊ duas ptes stẽt in illo castello. Et illa tcia qui habuit ire ĩ fossado ⁊ nõ fuit
144 401 1636 502 pectet in fossadeira V sl ĩ apciadura d alcaldes. Et nõ faciatis fossado nisi c uro seniore una uice ĩ ãno
145 442 1672 548 ita ut leuetis panẽ calidũ in alforges ⁊ ipo die reutatis ad urm castellum. Pedones ⁊ clicos nõ faciãt fossado. Et
144 489 1679 590 nõ intret ibi nũcio d nullo homine nec maneria p foro Molas. Et qi ĩ tmino d Mols filia aliena rouxauit ex
132 523 1662 632 t sua uolũtate pectet CCC sl ad rãcuroso ⁊ exeat omizieiro. Si aliqis int uos in mercado aut in eclia aut ĩ cõ
134 565 1658 679 cilio plegado a pgõ ferida fecit a suo uicino, pectet LX.ᵃ sl a cõcilio p manu d alcaldes. Et d quolibet furto colligat
135 616 1660 718 suo dno suo cabdal ⁊ pariat illa callũpnia ⁊ dt septima a palacio p manu d alcaldes. Et qui domũ fecit aut uineas ul
131 665 1697 761 sua heditate ⁊ uno ãno ĩ illa sedit ⁊ postea ad aliam trram fuit , seruiat illi sua heditate ubi mortuus fuit . Et si uoluit
126 714 1660 804 illas uende uendat cui uoluit p foro d Molas. Et caualeyro d Moas stet p infanzõ d totas alias trras , in iudicio ⁊
119 752 1670 845 ĩ iuramẽto troucãt sup illos c duos iuratores. Et pedones d Molas stẽt p caualeiros uilanos d totas alias trras ĩ iudicio
120 798 1675 883 ⁊ ĩ iuramẽto troucãt sup illos c duos iuratores. Et homines qi d trra sua exierĩt p omicidio aut cũ muliere rousada aut
120 849 1649 940 cũ seruitute ul c alia callũpnia qualq sedeat tornet se ad concilio d Molas ⁊ sedeat solto ⁊ dfendudu p foro d Molas.
118 904 1673 991 Et nõ ducat mulier aliena qi bndcoe habeat cũ suo marito. Et si hominẽ d aliqa trra cũ inimicitate aut cũ pig
119 963 1663 1036 nora uenit ⁊ ĩ tmino d Molas intratũ fuit et aliqos inimicos post illũ intrarẽt ⁊ pignora illi tullerĩt aut male illi fe
118 1017 1666 1088 cint pctẽt qigentos sl ad concilio ⁊ illos liuores ⁊ duplet la pignora ad a suo dno . Et hominẽ d alia trra qi caualei
116 1061 1659 1145 ro d Molas dscaualgar , pectet LX.ᵃ sl ad rãcuroso . Et qi hominẽ d Molas pser ĩ psone , pctet CCC sl a rãcuroso . Et si
118 1104 1666 1196 homine d Molas pser aliqo homine d alia trra pectet V sl . ⁊ si homine d Molas p qlibet fiaduria a medio ãno n
118 1154 1679 1239 fuit riqirido sedeat soltũ ⁊ si mortuum fuit sint filii ⁊ uxor eiꝰ libi . Et homines d Moas nõ soluãt pignora p seniore
123 1206 1663 1292 nec p meirino, nisi p suo uicino. Et nõ dẽt pousada p foro d Moas nõ caualeiros nec uiduas ni pedones p manu de
120 1249 1668 1343 alcaldes dẽt pousadat usq tcia die. Et homineo qi bestia caualar habuit nõ dt pousada. Mulier uidua qi nõ habuit
119 1305 1647 1384 filio d XV ãnos c qo se contineat nõ faciat foro. Et homines d Moas qi homines teneuĩt ĩ suas heditates aut in suos
119 1353 1668 1443 solares ⁊ nõ fuit ibi suo senior ueniat a suo sinal d alcaldes ⁊ dt fiador a uinida d suo senior, ⁊ faciãt q mandarẽt .
113 1404 1658 1495 ⁊ callũpnia qlibet fecit sedat d suo senior ⁊ nõ ⁊ seruiat a nullũ hominẽ ni a suo senior ĩ cuiu solar sedit . Et se
116 1463 1671 1545 nara aut uineas d Molas tal pcto habeat quale d populatores. Et qi uicino occidit ⁊ ĩ sua casa fugierit qui post illũ
115 1515 1657 1587 intrauit ⁊ ĩ sua casa illum matar, pectet CCC sl ad rãcuroso . Et qi mulier aforciar ⁊ illa uoces mitẽdo uenit
118 1557 1666 1644 usq tcia die si psa nõ fuit ⁊ ille c XII homines nõ se potuit dlimdare pctet CCC sl . Et qi mulier aliena pcusserit
118 1613 1681 1688 pctet XXX sl a suo marido. ⁊ nõ responda sen rrãcuroso a nlla callunia, ergo a furto dscobto ⁊ a rousu ⁊ ad omicidio. Et
114 1650 1662 1749 hominẽ d Moas qi fiadores parar p aliqa causa qlibet sedeat ad iudicẽ , ⁊ illo fiador outorgar cũ duos homines ꝯ
114 1710 1694 1793 illum ⁊ ille noluit collige ⁊ sup ipsum illum occidĩt , dẽt singlas peles d conelios ⁊ sĩt soltos. Et palacio dl senor
128 1761 1647 1843 d Moas habeat callũnia comodo d uicino ⁊ tota uilla habeat uno foro. ⁊ homo d Moas qi fiador ĩtraret ⁊ contẽ
131 1823 1651 1885 to nõ li socorrer, ql fiar tal pecte. Et si cõtẽtor habuit mittat illũ ĩ manus ⁊ exeat soltꝰ d fiadia . Et de
137 1872 1651 1934 suspecta d X sl arriba feriãt XII causas arredor, ⁊ iuret in c duos homines. Et dt X sl a iusu iuret c uno
135 1922 1606 1992 uicino qlis inuenit . Et toto homine d Moas qi heditate habuit ⁊ nõ illa uendr nẽ daar nc p sua manu pctar
