1773 2330
133 152 1627 217 torne se a sua heditate ubicũq fuit . Et toto homine d Moas qi heditate habuit in alia trra nõ faciat fazẽdeira ni p
129 203 1608 265 foro d Moas. Et toto homine d Moas qi mulier leixar d bnedcoes det I dr ad iudicẽ . Et si mulier leixauit suo ma
130 249 1617 319 rito d bndciones pctet CCC sl , medios a suo marido ⁊ medios ad palacio. Et si aliqis droter aliqua casa c lancas cũ scu
134 287 1620 374 tos d la porta adentro pctet CCC sl , medius a suo dõno ⁊ medios ad concilio. Et qi ddit a suo uizio c spada pctet LX.ᵃ sl
134 345 1634 409 ad rãcoso . Et qi ddit lanzada ul cuitellada ⁊ exierit d una pte ad alia pectet CCC sl ad rãcuroso ⁊ si nõ pasar d alia la
137 388 1629 460 to pectet LX.ᵃ sl a rancurosu. Et d plaga unde osso exierit X sl ad rancurosso cada osso. Et d alia plaga LX.ᵃ sl ad
135 437 1631 508 rancuroso. Homo qi c sua mulier sedit ⁊ fecit omicidio aut callupnia pctet ille ad rancurosso ⁊ septima a paazo ⁊ mu
141 482 1631 561 lier stet ĩ pace c suos filios. Et pp p tota pignora si d concilio qomodo d palacio colligãt fiador pur a foro. Et
141 535 1624 596 nullꝰ habeat dfenssa nc mõte ⁊ nõ prato nc pelago, nisi toto d concilio. Et illo mõtadigo dl estmo montẽt caualeirꝰ
145 582 1648 636 d Moas c suo senior et pndãt sua tcia . Et ganadu d Moas nõ sedeat mõtado . Et d carrega d bestia caualar aut mu
142 618 1652 691 ar dẽt in portazẽ VI dr . De azino III dr . De costeiro III mealas. De boue qi ibi uendidit ul d asino qi ibi conpauerĩt
142 673 1639 733 de homines d fora VI dr . De caualo aut d mulo aut mauro I sl . Et d toto portadigo qi uenit a Molas ubi pou
146 714 1648 798 sada pser phendat sua tcia . Et d rouba d trra d mauros aut d xianos qi uenĩt a Moas dẽt qinta a palacio. En
145 768 1652 841 parada una octaua d ceuada ⁊ duos panes d titico ⁊ uno dnario a senior. Quĩcũq hc scipta frange uoluit sit
148 814 1649 897 maleditꝰ ⁊ excomunicatꝰ ⁊ a corpore Dni segregatus ⁊ cũ Iuda traditore in infno collocatꝰ , amẽ . Ego Aff rex Al
154 869 1642 956 fonsꝰ hanc cartam quã iussi face roboro ⁊ confimo . Hec sũt tminos d Molas: p lo portu d Figueira ⁊ in a Parada
154 922 1635 1000 d Retaes ⁊ inde aa Cidadona Vedra d Susana ⁊ in aa Parada Vedra ⁊ in aa ao Rego das Couas ⁊ in a Anta do Serro du
154 965 1646 1045 Masouto ⁊ in pela Cabeza Pignoza d Cima d Cerzedo ⁊ in aa Pada int nos ⁊ Mugadoiro ⁊ in aa cabeza d Fundo de
155 1020 1652 1092 Freyxeneda, d dexto ⁊ inde ao Vilar Antigo ⁊ inde ou Auiado d Dõ Strigo ⁊ inde en a Tauaera aqs utentes d Salauor
150 1067 1649 1142 ⁊ inde aas Penas Ruiuas ⁊ inde ao Pelago do Cucu ⁊ ind en a Serra do Cubu aqs utẽtes ꝯ Siladi ⁊ in acima do Rebẽ
147 1115 1653 1188 tõ ⁊ ind acima das Cabreiras ⁊ ind aa Turre d Susaa d ꝯ Siladi ⁊ in ao xeixo d son Vilar d Lamelas ⁊ in como sal en o
161 1171 1664 1233 colado da Carualaosa ⁊ inde aa Cabeza Cauada ⁊ inde aa Cabeza d Alend q u Soutu du Lamazedu ⁊ ind a fundo da Fra
152 1214 1649 1281 ga int Moas ⁊ Macaeira ⁊ ind acima das olgas d Pay Martĩĩs ⁊ in aa cabeza d cima d Cabreira aqs utẽtes usq
165 1254 1651 1330 ad portu d Figueira. Toto homine d Moas qi suo senior dmandar p qlibet callumnia sanet illum p boca de
168 1294 1673 1390 alcaldes ⁊ nõ aforcet illum nc saqt illum d suo foro ⁊ recipiat iudiciũ qlli ddint alcalds iurados. Et in qnt
172 1351 1687 1439 senior fuit ĩ uilla nõ respondãt ad nullum iudicium. Et tcio die postq senor recexit a uilla, iudice pig
176 1398 1644 1480 noret ⁊ gaste un habuit rãcura ⁊ compleat ei p iudicium d alcaldes qomodo iacet in foro. Et ego rex Al
176 1448 1642 1539 fonsꝰ mando dare armas totas ad caualeiros ⁊ ad peones d Molas, c quo dfendãt suum castellum. Ego Alfonsꝰ
186 1500 1644 1584 Portgln rex c mo filio et filiabꝰ mando ⁊ concedo hos foros ⁊ tminos quos ĩ hãc cartam mitte iussi. Ha
185 1552 1639 1634 beatis ig ⁊ posidatis uos ⁊ omis postitas ura locum illum cũ omibꝰ istis tminis sup sciptis foris uobis dico ĩ
190 1598 1638 1686 Molas morãtibꝰ . Si qis uero aliqis ex pgenie ma filiis ul nepotibꝰ aut qliscũq sit qui hoc nrm factũ frange
192 1645 1652 1742 uoluit ul minuere, maledicionẽ Di incurrat ⁊ sit malditꝰ ⁊ excomunicatꝰ ⁊ c Iuda traditore in infno
195 1694 1626 1779 collocatꝰ ⁊ insup pariet VI mille sl d auro puro, a rmedios a rege ⁊ medius a concilio. Fta scipto hoc in
200 1737 1639 1844 e M.ᵃ CC.ᵃ in mese Dcembrio . Ego Alfonsꝰ rex ĩ hãc cartam mas ppias manus c mis filiis ⁊ filiabꝰ ro
200 1801 1216 1886 boro ⁊ signa facio coram testibꝰ . Qui psentes fuert uidrt ⁊ confimaurt :
192 1865 506 1933 Dõnꝰ Petrꝰ Fnãdi ꝯfm .
195 1910 532 1974 Dõnꝰ Gonsaluꝰ d Sousa ꝯf .
201 1951 535 2023 Alcald Meende Strema ꝯf .
192 1996 473 2058 Pelagiꝰ Cabelos ts .
209 2036 481 2083 Nuniz d Aluia ts .
559 1856 790 1914 Peto Vmuiit ts .
557 1900 786 1949 Dõ Iemũdo ts .
559 1939 772 1984 Petro Neto ts .
561 1966 763 2019 Iohnes Stauaes
485 2003 784 2058 Petro Xpitouoiz ts .
479 2040 677 2120 Pay Osoriz ts .
796 1858 1029 1910 Petro Cipiacis ts .
796 1897 1031 1945 Dmuũ Csconis ts .
796 1930 1021 1984 Iohane Oariz ts .
796 1972 1029 2034 Iohne Steuayz ts .
697 2021 928 2114 Mtin Cipianis ts .
1031 1844 1258 1902 Gomez Veegas ts .
1035 1889 1275 1935 Mtĩ Monaco ts .
1033 1916 1367 1970 Peto Fnãdiz d Freixeno ts .
1033 1945 1400 2007 Dõ Monio o Velio d Orrꝰ ts .
1048 1974 1314 2030 Petrꝰ psbit notuit.
1284 1794 1577 1860 Pelay Coeriz ts .
1313 1841 1556 1898 Peto Rouco ts .
1379 1875 1525 1949 Iohne .
1073 2003 1580 2097 Et ista carta n tenebat sigllm .
