1532 2002
554 734 707 765 De Moreyra
230 740 732 795 n nne sce ⁊ ĩndiuidue tinitatis patis ⁊ filii ⁊ spt sci
223 777 740 825 uniꝰ sũmi Di facimꝰ istã cartulã ĩ ipiꝰ nne tinitatis . Ego
226 809 737 852 rex Alfonsꝰ Port parit cũ filio mo rege Sancio ⁊ cũ
220 837 740 882 filiis mis ub hoies d Moreira qi ibid pplatores estis p
216 865 742 914 mãdatũ mm ⁊ d filiis mis siue que uenĩt ad pplandũ
231 896 747 943 facimꝰ ub cartulã sic ⁊ fecimꝰ p sciptam ⁊ p pceptũ mm
221 925 745 975 firmit teneatis ut habeatis foro bono ⁊ cꝰtume sic habẽt
223 954 742 1002 hoies d Salamãca . Et nõ detis mi nc ad pgenie mee nc ad
224 989 740 1034 nullo hoie p homicidio ni VII.ᵃ a palatio d CCC sl apcia
221 1016 745 1064 dura p ꝯcilio ⁊ p manu d iudice. ⁊ nullo pcto ne nulla calũ
220 1042 750 1094 nia nõ ĩtret ibi nullo mino ni iudice de ꝯcilio . Et faciãt
223 1074 738 1124 fossado la tcia d los caualeiros ⁊ las duas ptes stẽt ĩ Mo
221 1109 744 1147 reira. ⁊ d illa pars una qe habuit a andar ĩ fossado ⁊ nõ
206 1137 742 1182 fuit qomo det ĩ fossadeira V sl ĩ apciada . Et nõ faciãt fos
220 1164 745 1206 sado ni cũ nro senior una uice ĩ ãno aut ura uolũtas fuit .
223 1194 750 1241 Et peones nõ faciãt fossado nc clici . Et nõ ĩtret ibi nũcio
221 1224 742 1262 nc manaria de nullo qo hoie p foro d Moreira. Et qi ĩ tmino d
224 1252 742 1295 Moreira filia aliena roussar ext sua uolũtate qomo pctet
223 1277 747 1321 a palatio CCC sl ⁊ exeat omizieiro d suos parẽtes . Si qis
221 1302 750 1349 aliqis ĩt uos ĩ mcato aut ĩ ecc l ĩ ꝯcilio plecato a pcõ feri
221 1329 747 1378 da fecit a suo uicino pctet LX.ᵃ sl a ꝯcilio ⁊ VII.ᵒ a palatio
221 1364 747 1403 p manũ de iudice. Et d furto qlibet sedeat qe colligat suo
221 1393 747 1434 dono suo cabdal, ⁊ d alia calũpnia partat cũ illo iudice
225 1416 747 1463 p mediũ . Et qi domũ edificauit aut uineas aut sua hedi
225 1449 745 1493 tate honorauit ⁊ uno ãno ĩ illa sedit ⁊ pꝰtea ad alia tra
225 1476 747 1523 fuit , qomo suiat illi sua heditate ui habitãs fuit . Et si qesi
226 1506 754 1553 erit illas uẽde uẽdat ad quẽ uoluit p foro de Moreira.
228 1533 742 1574 Et hoies d Moreira que habuit iudicio uel aiunta c ho
230 1566 752 1603 mines d alias tras hant illos ĩ cabos d suos tminos . Et do
226 1591 755 1631 no ub foro que stet caualeiro de Moreira p ĩfanzõ d totas
230 1618 760 1658 alias tras siue ĩ iuramẽto qomo ĩ iudicio ⁊ passẽt sr illos cũ
230 1644 760 1696 duos iuratores. Et illos peones de Moreira qe passem sup illos
733 78 1359 122 caualeiros uillanos d totas alias tras ĩ iudicio ⁊ ĩ iuramẽto cũ duos
739 105 1343 149 iuratores. Et hoies qi d suas tras exierĩt cũ homicidio aut cũ mu
738 134 1333 177 lier rossada uel cũ alia calũnia qlibet sedeat ni qi nõ adducat
742 169 1348 199 mulier aliena de benedictioe ⁊ torne se ad senior de Moreira ⁊ se
743 190 1345 231 deat solto ⁊ defeso p foro de Moreira. Et si qis hoies d qcũq tras cũ
742 221 1346 255 inimicitate aut cũ pignora uenit ⁊ ĩ tmino d Moreira ĩtratũ fuit
735 245 1353 283 ⁊ nullꝰ inimicꝰ pꝰ illũ ĩtret ⁊ pignora tollit aut male illi fecit qomo
743 271 1342 316 pctet a senior de Moreira D sl ⁊ duplet illa pignora aut illos liuo
744 301 1351 347 res. Et qi hoies de Moreira pignorauit ⁊ ĩ ꝯcilio nõ pecierit direc
742 333 1357 378 to qomo pectet a senior de Moreira LX.ᵃ sl ⁊ duplet illa pignora a suo
742 358 1328 398 dono. Et hoies d alias tras qi caualeiro d Moreira descaualgar
739 385 1351 430 qomo illi pectẽt LX.ᵃ sl . Et homines d Moreira qi los psiere ⁊ ĩ pisiõ
745 415 1347 459 illos miserit, qomo pctet illi CCC sl . Et si hoies de Moreira pndidĩt
740 443 1353 489 alios hoies de alias tras ⁊ ĩ pisiõ illos miserĩt , qomo pectẽt illi V sl .
742 475 1351 515 Et si hoies d Moreira p qlibet fiaduria a medio ãno illi nõ reqisi
740 505 1351 552 erit que sedeat solto. ⁊ si migtũ fuit sĩt filii ⁊ uxor sua libi . Et
740 533 1350 578 nõ soluãt hoies d Moreira pignora p senior nec p mino nisi pro
744 560 1335 602 suo uicino. Et nõ donẽt pousada p foro de Moreira ĩ casa d caua
745 587 1350 632 leiro nc de uibdas nec de clicis ni p manu de iudice ĩ casa d peones.
749 617 1346 663 Et hoies d Moreira qi hoies tenuerĩt ĩ suas heditates aut ĩ suos
744 648 1356 694 solares ⁊ n fuit ibi suo senior ueniat a sinal d iudice ⁊ de fiador
744 677 1343 724 a uenida de suo senior ⁊ faciat qd mãdarẽt . ⁊ calũpnia qlibet
747 702 1350 749 fecit sedeat d suo senior ⁊ VII a palacio. ⁊ nõ suiat a nullo hoie
745 731 1346 777 ni a suo senior ĩ cuiꝰ solier. Et sua senara aut suas uineas del rei
745 760 1333 807 tal cocto hant qomo d uicino de Moreira. Et qi uicino occidit
745 789 1341 837 ⁊ ĩ sua casa fugierit, qi post illũ ĩtre ⁊ ĩ sua casa lo matare
749 817 1350 869 pctet CCC sl ad parẽtes del morto. Et qi mulier aforciauit ⁊ illa
749 845 1358 899 uoces mittẽdo uenit ⁊ ille cũ XII nõ potuit se saluare pctet CCC
750 872 1346 927 solidos a la mulier ⁊ a suos parẽtes . Et qi mulier aliena ferire
752 905 1348 954 pectet a suo marido XXX sl ⁊ VII.ᵒ a palacio. Et homines d Morei
752 932 1356 987 ra qi fiadores parar p q calũpnia ille pecierĩt , et el fiador outor
752 960 1331 1014 gar cũ duos uicinos ⁊ ille nõ quesierit collige fiador ⁊ sup
750 1001 1342 1046 ipm occidit nos toto ꝯcilio pectabimꝰ ipm homicidiũ . Et palacio
754 1024 1356 1076 regis uel d epo hant calũpnia ⁊ ĩ tota alia uilla hat uno foro
755 1051 1356 1102 ⁊ alio palacio nõ hat calũpnia . Et hoies d Moreira qi fiador ĩtrar
753 1083 1331 1132 ⁊ ꝯtẽtor nõ habuit qle fiadura fiar tale pectet. Et si ꝯtẽtor
754 1109 1335 1156 habuit mittat illũ ĩ manꝰ ⁊ exeat de illa fiaduria. Et d sꝰpecta
754 1142 1350 1190 d X sl ad arriba cognominet XII uicinos ĩ redor sua casa ⁊ iu
755 1169 1346 1216 ret cũ los duos ⁊ exeat de la calũpnia . Et d X sl a iuso iure siue
755 1201 1338 1247 ⁊ otro qles aflar qd uicinos sedeãt . Et toto hoie de Moreira qi se
754 1224 1338 1276 tornar ad aliũ seniore qi bnfecit suas casas ⁊ suas heditates
757 1259 1340 1297 ⁊ uxor sua ⁊ filii sui sĩt libi ⁊ soluti p foro de Moreira. Et dono
757 1284 1355 1324 ub foro que nõ habeatis aliũ seniore ni ad regẽ aut suo filio
759 1311 1351 1358 aut qi uos ꝯciliio quesieritis. Et toto hoie d Moreira qi desereda
755 1336 1355 1384 do fuit ⁊ p sua manu nõ lo pectare qomo se torne ad sua hedita
755 1368 1341 1406 te ui illa fuit sine nulla calupnia. Et toto hoie de Moreira
755 1394 1336 1436 qi heditatẽ habuit ĩ alia tra nõ faciat fossado ni p foro d Mo
755 1418 1338 1463 reira. Et toto hoie d Moreira qi habuit mulier ad bndictoem
760 1448 1353 1496 ⁊ laxauit illã , quomo pectet ad iudice uno denario. Et si mulier
764 1479 1335 1521 ad suũ maridũ laxauit qi habuit ad bndictoem , qomo pectet
764 1509 1345 1553 CCC sl , medios a palacio ⁊ medios a suo marito. Et d casa derota
762 1534 1335 1581 cũ escudos ⁊ cũ lanzas qi la derõpe pectet CCC sl , medios a do
762 1564 1338 1611 no d casa ⁊ medios a palacio. Et qi dedit a suo uicino cũ espada
774 1593 1336 1639 XL sl ⁊ VII.ᵒ a palacio. Et qi dedit cũ lãza ad suo uicino ⁊ exi
765 1619 1333 1663 erit d una pars ad aliã pectet XX.ᵗⁱ sl ⁊ VII.ᵒ a palacio. ⁊ si
765 1649 1338 1705 nõ exierit pectet X sl ⁊ VII.ᵒ a palacio. Et de plaga unde
