1532 2002
173 83 752 130 osso exierit cada osso X sl ⁊ VII a palacio. Et de alia plaga
136 116 752 156 V solidos ⁊ VII.ᵒ a palacio. ⁊ p tota pignora siue de ꝯcilio uel de pa
165 141 744 190 lacio colligat fiador sr illa pignora p a foro. Et dono ub qd nõ
171 176 738 216 hat nulla defesa nec nullo mõte nec nullo pelago ni de toto
166 203 755 243 ꝯcilio . Et illo montadigo de tmino de Moreira mõten lo caualeiros
168 228 755 278 de Moreira cũ suo senior ⁊ pndãt inde la tcia . Et nullo ganado
168 258 747 305 de Moreira nõ sedeat mõtado . Et de portatico de pan ⁊ de uino
166 286 749 330 de la carrega III medalias. ⁊ de caualo ⁊ de mulo qi lo uẽdit I sl .
166 313 757 360 Et de boue ⁊ de asino VI d . De carneiro aut de cab aut de por
168 343 749 383 co III medalias. Et de toto portatico qi a Moreira uenit pn
163 365 749 415 dat suo hospite la tcia . Et nemguno homo de Moreira nõ
166 399 607 448 respondeat sine rãcuroso p foro de Moreira.
151 440 744 503 Ego Alfonsꝰ II.ꝰ Di gra Port rex una cũ uxore ma reg
190 483 754 522 dna Vrraca ⁊ filiis nris infantibꝰ Dõno Sancio ⁊ Dõno A
151 505 747 550 ⁊ Dõna Alionor, hãc cartã ⁊ istud for q auꝰ ms excellẽtissime
161 537 752 578 memorie rex Dõnꝰ Afonsꝰ fec ⁊ ꝯcessit pplatoribꝰ de Moreira
166 565 732 605 ꝯcedo ego eis ⁊ ꝯfirmo p hoc sciptũ . Et ut ꝯcessio ⁊ ꝯfirmacio
161 588 730 633 ma maiꝰ robur obtineat firmitudinis, pcepi hãc cartã scibi
160 608 739 663 sigillo mo plũbeo ꝯmuniri . Que carta fuit facta apd Colĩbiã
161 637 727 682 ĩ e M.ᵃ CC.ᵃ L.ᵃ V.ᵃ. Ego ⁊ uxor ma ⁊ filii nri sup nnati qi hãc
161 662 730 712 cartã fi pcepimꝰ corã subsciptis eã roborauimꝰ , ⁊ ĩ ea hec
163 689 739 744 signa fecimus +++++. Qi affuer : Dõnꝰ Stephanꝰ
161 714 747 770 Bracar archiepc ꝯf . Dõnꝰ Martinꝰ Port eps ꝯf . Dõnꝰ Petrꝰ Colĩ
160 744 747 797 bien eps ꝯf . Dõnꝰ Suariꝰ Vlixbonen eps ꝯf . Dõnꝰ Suariꝰ Elboren
155 767 727 820 epc ꝯf . Dõnꝰ Pelagiꝰ Lamecen epc ꝯf . Dõnꝰ Bartolomeꝰ Visen
160 802 747 850 epc ꝯf . Dõnꝰ Martinꝰ Egitanien eps ꝯf . Dõnꝰ Martinꝰ Ihnis sig
161 834 745 879 nifer dni regis ꝯf . Dõnꝰ Petrꝰ Ihnis maiordomꝰ curie ꝯf . Dõnꝰ
156 859 750 912 Laurẽciꝰ Suarii ꝯf . Dõnꝰ Ihns Fnãdi ꝯf . Dõnꝰ Fnãdꝰ Fnãdiz ꝯf .
156 885 747 940 Dõnꝰ Gomeciꝰ Suarii ꝯf . Dõnꝰ Gil Valasqiz ꝯf . Dõnꝰ Rodicꝰ Mdiz .
158 909 734 965 Dõnꝰ Põciꝰ Alfõsi ꝯf . Dõnꝰ Lopꝰ Alfonsi ꝯf . Mgr Pelagiꝰ cãtor
160 942 719 1006 Port ts . Petrꝰ Garsie ts . Ihninꝰ ts . Vĩcenciꝰ Mdiz ts . Martinꝰ
163 977 368 1029 Peti ts . Petrꝰ Peti ts .
161 1009 664 1086 Gunsaluus Mdj cancell curie.
