3200 3337
175 122 2657 255 In nne sancte ⁊ indiuidue tnitatis patis ⁊ filii ⁊ spiritus sancti amen, unius summi Dei facimus istam cartulam in ipiꝰ nne tinitatis . Ego rex Alfonsꝰ Alfonsus Portug
166 205 2637 297 parit cum filio mo rege Sancio ⁊ cum filiabꝰ mis uobis hominibus de Marialua qui ibidem populatores estis p mãdatũ mm ⁊ de filiis mis siue qi uenĩt ad pplandum facimꝰ uobis cartu
155 244 2590 333 lam sicut et fecimus p scipturam ⁊ p pceptum nrm firmit teneatis ut habeatis forum bonum sicut habent homines de Troncoso. Et nõ detis mi neq ad pgeniẽ mam nec ad aliqm ho
161 303 2562 380 minẽ p homicidio nisi VII ad palacium de CCC sl appreciadura per concilium et per manum de iudice. Et nullum pectũ neq ullam callũpniam nõ intret ibi aliquis meirinꝰ nisi iudex de uro
166 355 2646 431 ꝯcilio . Et faciant fossadum l a tcia de caballalris ⁊ due partes stent in Marialua. Et de illa una parte que debuerit ire in fossadum ⁊ nõ iuit qomodo dẽt in fossadeira V sl in appciadura .
166 394 2649 475 Et nõ faciãt fossadum nisi cũ suo seniore una uice in ãno aut uestra uoluntas fuerit. Et pedones nõ faciant fossado neque clici . Et nõ intret ibi nũciꝰ neq manaria de nulloqo hoie p for
166 433 2651 522 de Marialua. Et qi in tmino de Marialua filiam alienã raussauit extra sua uoluntate quomodo pectet a palacio CCC sl ⁊ exeat homicida de suis parentibꝰ . Et si aliqis int uos in m
158 486 2629 572 cato aut in eccla ul in ꝯcilio pecato a pecone feridam fecit ad suo uicino pectet LXª sl ad ꝯcilium ⁊ VII.ª ad palaciũ p manũ de iudice. Et de furto qdlibet sit colligat suus
166 543 2647 611 dns suum cabdal. ⁊ illam alliam calũpniã parciat cum iudice p mdium . Et qi domum hedificauit aut uineas aut suam heditatẽ honorauit ⁊ uno ãno in illa sedit ⁊ postea ad
168 585 2641 667 aliam tram iuit qomo suiat illi tota sua heditas ui ille habitans fuit . Et si quesierit illas uendere uendit cui uoluit p for de Marialua. Et homines de Marialua qi habuĩt iudicium
170 645 2649 715 ul aiuntam cũ hoibꝰ de aliis tris habeant illos in cabos de suis tminis . Et dono ub for qd stet caballariꝰ de Marialua p infanzon de totis aliiis tris siue in iuramto siue in iu
172 680 2632 769 dicio ⁊ passẽt sup illos cum duobꝰ iuratoribꝰ . Et illos pedones de Marialua qd passẽt sup illos caballarii uillani de totis aliis tris in iudicio ⁊ in iuramto cũ duobꝰ iuratoribꝰ .
166 728 2619 817 Et homines qi de suis tris exierĩt cum homicidio aut cũ muliere raussata aut cum alia calũpnia quelibet sit ni qd nõ adducat mulierẽ alienã de bndcoe ⁊ tornet se ad se
177 778 2649 862 niorẽ de Marialua ⁊ sit solutꝰ ⁊ defensꝰ p forum de Marialua. Et si aliqis homo de qcumq tra cũ inimicitate aut cũ pignore uenit ⁊ in tminũ de Marialua intuit ⁊ aliqis inimicꝰ
164 825 2643 914 post illum intuit ⁊ ei pignora tollerit aut male illi fecit qomo pectet ad seniorẽ de Marialua D sl ⁊ duplet illa pignora aut illos liuores. Et qi hoies de Marialua pignorauit ⁊
168 865 2630 964 in ꝯcilio nõ pecierit directũ qomo pectet ad seniorẽ de Marialua LX.ª sl ⁊ duplet illa pignora ad suum dnm . Et homo de alia tra qi caballariũ de Marialua descaualgauit qomodo
172 915 2612 1004 pectet illi LX.ª sl . Et qi homines de Marialua pendidit ⁊ in pision illos misit qomo pectet illis CCC sl . Et si hoiem de Marialua p qualibet fiadoria a medio ãno nõ reqisierit
168 964 2634 1060 qd sit solutꝰ . Et si mortuꝰ fuit sint filii ⁊ uxor sua libi . Et nõ soluãt hoies de Marialua pignora p seniore nq p meirino ni p suo uicino. Et nõ donẽt pausadam p for de Ma
172 1012 2632 1106 rialua in casa de caualeiro neq de uidua neq de clicis ni p manũ de iudice in casa de pedonibꝰ . Et hoies de Marialua qi hoies tenuĩt in suis heditatibꝰ aut in suis solaribꝰ ⁊ nõ fuit ibi
170 1060 2625 1156 suus senior ueniat ad sinal de iudice ⁊ det fiador ad uenidam de suo senior ⁊ faciat qd mandauĩt . ⁊ calũpnia qmlibet fecit sit de suo seniore ⁊ VII ad palaciũ . ⁊ nõ suiat
172 1101 2599 1206 ad aliqe hoiem nisi ad seniorẽ in cuiꝰ solar sedit . Et senare aut uinee dni regis tale cautũ habeãt sct de uicinis de Marialua. Et qi uicinũ occidit ⁊ in sua casa fugit , qi
176 1145 2632 1260 post illum intuit ⁊ in sua casa illum mactauit pctet CCC sl ad parentes de mortuo. Et qi mulierẽ afforciauit ⁊ illa uoces mittẽdo uenit ⁊ ipe cũ XII nõ potuit se saluare
174 1197 2621 1308 pectet CCC sl mulieri aut suis parẽtibꝰ . Et qi mulierẽ alienã feriuit pectet suo marito XXX.ª sl ⁊ VII.ª ad palaciũ . Et hoies de Marialua qi fiadores parar p q calũpnia illũ
177 1242 2658 1358 pecierĩt ⁊ ipe fiadorẽ autorgauit cum duobꝰ uicinis ⁊ ille nõ qsierit collige fiadorẽ ⁊ sup illũ occidit nos totũ ꝯcilium pctabimꝰ ipm homicidiũ . Et palaciũ regis ul epi ha
172 1295 2623 1395 beãt calũpniam ⁊ tota alia uilla habeat unũ for , ⁊ aliud palaciũ nõ habeãt calũpniã . Et homo de Marialua qi fiador intuit ⁊ ꝯtẽtorẽ nõ habuit qlem fiadoriã fiauit ta
170 1342 2628 1451 lem pectet. Et si ꝯtẽtorẽ habuit mittat illũ in manꝰ ⁊ exeat de illa fiadoria. Et de suspecta de X sl ad ribam cognomin⁊ XII uicinos in redor sua casa ⁊ iuret cũ los duos
170 1394 2612 1494 ⁊ exeat de illa calũpnia . Et de X sl ad iusum iuret ipe ⁊ alt qlem inuenit qi sit uicinꝰ . Et toto homo de Marialua qi se tornauit ad aliũ seniorẽ qi bnfecit suas casas ⁊ su
172 1440 2606 1546 as heditates ⁊ uxor sua ⁊ filii sui sĩt libi ⁊ soluti p for de Marialua. Et dono ub for qd nõ habeatis aliũ seniorẽ nisi regẽ aut suũ filiũ aut qe uos ꝯciliũ uoluitis . Et totꝰ
166 1483 2615 1588 homo de Marialua qi deserdadꝰ fuit ⁊ p suam manũ illud nõ pectauit qomo se tornet ad suam heditatẽ ui illa fuit sine calũpnia . Et totꝰ homo de Marialua qi heditatẽ habuit
168 1536 2623 1640 in alia tra nõ faciãt fossadum nisi p for de Marialua. Et totꝰ homo de Marialua qi habuit mulierẽ ad bndcõem ⁊ laxauit illam qomodo pectet ad iudicẽ I d . Et si mulier
166 1586 2615 1690 suũ maritũ laxauit qe habuit ad bndcõem qomo pectet CCC sl mdios ad palaciũ ⁊ medios ad suũ maritũ . Et de casa disrupta cũ scutis ⁊ cũ lanceis, qi illam dirupit pc
172 1636 2615 1737 tet CCC sl mdios ad dnm de casa ⁊ medios ad palaciũ . Et qi dedit ad suũ uicinũ cũ spada XL sl ⁊ VII.ª ad palaciũ . Et qi dedit cũ lanza ad suũ uicinũ ⁊ exierit de una
170 1679 2619 1774 parte ad aliam pectet XX.ᵗⁱ sl ⁊ VII.ª ad palaciũ . ⁊ si nõ exierit pectet X sl ⁊ VII.ª ad palaciũ . Et de plaga unde os exierit cada osso X sl ⁊ VII.ª ad palaciũ . Et de alia plaga
163 1731 2615 1826 V sl ⁊ VII.ª ad palaciũ . Et p toto pignore siue de ꝯcilio ul de palacio colligat fiador sup illa pignora p ad for . Et dono ub qd nõ habeat aliq defesam neq ullũ mõtẽ
170 1781 2606 1872 nec ullũ pelagũ nisi de toto ꝯcilio . Et illud mõtaticũ de tmino de Marialua mõtẽt illũ caballarii de Marialua cũ suo seniore ⁊ pendãt inde tciam . Et nullũ ganatũ
172 1829 2586 1913 de Marialua sit mõtadum . Et de portatico de pan ⁊ de uino, de carrega III meaias, ⁊ de cauallo, de mulo qi illũ uendidit I sl . Et de boue ⁊ de asino VI d . De
170 1879 2599 1976 carneiro aut de cap aut de porco III meal . Et de toto portatico qd ad Marialuã uenit pendat suus hospes tciam . Et si hoies de Marialua pendidĩt hoies de aliis
1924 1909 2614 2004 tris ⁊ ĩ pision illos misĩt qomo pctẽt illis V sldos .
170 1959 2603 2061 Ego Alfonsꝰ IIꝰ Di gra Portugalen rex, una cum uxore ma regina dna Vrraca ⁊ filiis nris infantibꝰ Dõno Sancio ⁊ Dõno Alfonso ⁊ Dõna Alionor, istam
161 2024 2564 2104 cartam supsciptam ⁊ istud forũ qd ub dedit ⁊ ꝯcessit auus ms rex Dõnꝰ Alfonsꝰ excellentissime memorie, ꝯcedo ego ub ⁊ ꝯfirmo p hoc sciptum . Et ut ma ꝯces
166 2074 2595 2156 sio ⁊ ꝯfirmato in ppetuũ firmũ robur obtineãt , pecepi fieri istam cartã , ⁊ eã feci mo plũbeo sigillo ꝯmuniri . Que carta fuit facta apd Colimbiam , mense No
169 2116 2607 2207 uenbri e M.ᵃ CC.ᵃ L.ᵃ V.ᵃ. Ego rex, Dõnꝰ Alfonsꝰ , ⁊ uxor ma ⁊ filii nri supnnati qi hanc cartã fieri iussimꝰ , corã sbsciptis eam roborauimꝰ , ⁊ in ea hec signa fecimus +++++.
169 2174 400 2255 Qui affuerunt:
174 2220 780 2296 Domnꝰ Martinꝰ Ihnis signif dni regis
174 2267 693 2350 Dõnꝰ Ptrꝰ Ihnis maiordomꝰ curie
166 2319 503 2391 Dõnꝰ Laurenciꝰ Suarii
166 2366 481 2433 Dõnꝰ Ihns Fnandiz
174 2410 537 2486 Dõnꝰ Fnandꝰ Fnandiz
175 2461 492 2538 Dõnꝰ Gomeciꝰ Suarii
164 2508 486 2575 Dõnꝰ Gil Valasqiz
177 2552 526 2617 Dõnꝰ Rodicꝰ Mdiz
174 2599 507 2671 Dõnꝰ Ponciꝰ Alfonsi
179 2643 450 2704 Dõnꝰ Lopꝰ Alfonsi
960 2385 1029 2497 ꝯf .
174 2688 500 2762 Vincenciꝰ Mdiz
150 2730 404 2801 Martinꝰ Petiz
177 2782 398 2864 Ihoanninus
631 2702 681 2803 ts .
1707 2176 2260 2289 Dõnꝰ Stephanꝰ Bracaren archieps
1711 2263 2135 2332 Dõnꝰ Martinꝰ Portugalen
2167 2256 2261 2328 eps
1708 2310 2059 2380 Dõnꝰ Petꝰ Colimbien
2178 2305 2295 2383 eps
1707 2352 2056 2428 Dõnꝰ Suariꝰ Vlixbonen
2181 2349 2262 2424 eps
1711 2408 2057 2469 Dõnꝰ Suariꝰ Elboren
2171 2410 2271 2467 eps
1705 2456 2091 2524 Dõnꝰ Plgius Lamecen
2173 2447 2265 2511 eps
1701 2506 2082 2573 Dõnꝰ Bartolomeꝰ Visen
2182 2497 2260 2545 eps
1705 2549 2117 2619 Dõnꝰ Martinꝰ Egitanien
2176 2541 2267 2627 eps
2518 2296 2590 2436 ꝯf .
1701 2595 2135 2671 Magr Plagius cantor Port
1694 2644 1911 2716 Ptrs Garsie
1711 2691 1914 2775 Petrus Petiz
2217 2613 2270 2803 ts .
1029 2619 1616 2761 Gunsaluꝰ Mdi cancell .
1134 2728 1555 2821 Fnandꝰ Suarii scripsit.
