2300 2190
162 215 2070 293 In Dei nne ⁊ eiꝰ gra . Nouint uniusi psentem cartã inspecti q ego Alfonsꝰ Dei gra rex Port ⁊ Algaruii una cũ uxore ma regina Dona Beatice illustis Reg Cas
149 262 2057 346 talle ⁊ Legion filia ⁊ filiis ⁊ filiabꝰ nris infantibꝰ Dono Dionisio Dono Alfonso Dona Branca Dona Sancia do ⁊ cõcedo ub hoibꝰ populatoribꝰ psentibꝰ ⁊ futris
147 316 2078 402 ad forũ qd subsequit uillã mam de Mogadoyro cũ suis tminis nouis et antiquis p ubi eos meliꝰ hre potuitis p directũ saluo iure patonatꝰ qd retineo p ad me
147 364 2068 453 tali uidelic pacto ⁊ conditone q uos ⁊ sucessores uri detis mi ⁊ successoribꝰ mis anuatim qilib⁊ urm uiginti quatuor soldos. Legion d moneta branca ul
147 418 2084 512 de alia moneta que comunit currerit in ipi trra saluis uilaribꝰ ⁊ aliis locis qui nõ dum sunt populati de qibꝰ populatores eor qn fuint populati debẽt
144 478 2087 566 dare mi ⁊ successoribꝰ mis anuatim uiginti sl . Qilib⁊ populator ⁊ in aliis denbent ee uicini de Mogadoyro ⁊ hre in forũ mando ⁊ q populator dcor
146 526 2091 625 locor qui nõ habuerit ualiam de decẽ marabitinis q nõ det aliqi ⁊ si forte habuit hdamentũ qd ualeat pdcos decem marabitinos det mi ⁊ sucessoribꝰ mis
146 580 2078 684 anuatim duodecim sl . Et populator qui fuit hdariꝰ ⁊ habuit ualorem de uiginti marabitinis ⁊ supra det mi ⁊ successoribꝰ mis anuatim pdcos uigĩti
146 632 2093 743 quatuor soldos saluis orphanis qi nõ faciãt forum ni unum cũ suo patre ul cum sua matre dum fuint soltatii ⁊ postq fuint casati faciant singulos foros.
141 684 2074 793 Si habuint dcam ualiam et saluo jugeyro ⁊ mancipio alieno qui nõ debent face forum ni iugariꝰ habeat dcam ualiam in hdamento ⁊ si huit ualiã faciat
152 744 2084 862 forum. Et saluis duobꝰ iudicibꝰ de Mogadoyro qui nõ debent face forum pdcm dum fuint iudices p in q nõ hnt aliud pstimoniũ de me. Et conciliũ de
139 794 2079 933 dca uilla mittat suos iudices ad mm placitũ ⁊ successor mor do ⁊ eis p foro q in domibꝰ iudiciũ dce uille ⁊ uiduar nõ pausent milites nc aliqis aliꝰ
144 856 2095 985 contra eor uolũtatẽ do ⁊ concedo ubs q uocẽ ⁊ calũpniam ⁊ portaginem detis mi ⁊ successoribꝰ mis p forum de Çamora. ⁊ istos denarios sup dcos de fo
147 914 2095 1043 ro debetis mi pagare ⁊ successoribꝰ mis anuatim uidelic⁊ medietatẽ p festo Sã Martini ⁊ aliam medietatẽ p festo Pasche. Et nõ debetis mi fae nc successori
155 969 2093 1086 bꝰ mis aliud forum de dca uilla nec de suis tminis ni ut supi est expssum . In cuius rei testimoniũ do in ubs istam mam cartã aptã de mo sigillo sigil
144 1023 2000 1146 latam. Data Scaren XVIII.ᵃ die Nouẽbr rege mandante e M.ᵃ CCC.ᵃ undecima.
147 1132 595 1206 Dõnꝰ Gonsaluꝰ Garsie alferaz ꝯf .
147 1181 644 1256 Donnꝰ Iohns de Auoyno maiordomꝰ ꝯf .
149 1228 688 1321 Donnꝰ Martinꝰ Alfonsi tenẽs Chaues ꝯf .
140 1292 680 1372 Dõnꝰ Alfonsꝰ Lupi tens Ripã Minii ꝯf .
143 1351 659 1423 Dõnꝰ Didacꝰ Lupi tenens Lamecũ ꝯf .
142 1410 641 1490 Dõnꝰ Petrꝰ Ihnis tenẽs Trasserã ꝯf .
138 1463 635 1547 Dõnꝰ Menendꝰ Rodici tenẽs Mayam ꝯf .
146 1523 714 1612 Dõnꝰ Petrꝰ Ihnis de Portello tenẽs Leyrenam ꝯf .
833 1160 1177 1227 Ecca Bracaren uacat.
836 1208 1343 1286 Dõnꝰ Vincenciꝰ eps Portugalen ꝯf .
842 1273 1352 1350 Dõnꝰ Dominicꝰ elctꝰ Lamecen ꝯf .
856 1331 1303 1405 Ffr Valascꝰ epc Egitanien ꝯf .
849 1396 1142 1466 Ecca Visen uacat.
853 1449 1276 1523 Dõnꝰ Matheꝰ epc Vlixbon ꝯf .
856 1512 1277 1585 Dõnꝰ Durandꝰ epc Elboren ꝯf .
860 1567 1387 1646 Dõnꝰ Bartholameꝰ Syluen epc ꝯf .
865 1621 1848 1713 Dõnꝰ Stephnꝰ Ihnis cancellariꝰ curie ꝯf . Iohns Peti notariꝰ curie nott .
1573 1085 1959 1150 Rodicus Garsie de Pauiã .
1585 1137 1950 1214 Ffernandꝰ Fnandi Cagominꝰ
1589 1194 1885 1275 Iohns Suerii Coneliꝰ .
1586 1245 1942 1329 Martinꝰ Iohnis de Vinali .
1592 1310 1891 1397 Dominicꝰ Ihnis clicꝰ .
2062 1193 2104 1257 ts
