1388 1814
434 223 1087 299 Carta de foro de Contrasta que mo dicit Valencia
458 349 1133 439 Notum sit omibꝰ pressentes littas inspecturis
365 412 1161 506 q ego Alfonssꝰ dei gra rrex Port uidi cartam de foro
365 482 1154 553 qm inclite rrecordacionis rrex Dõnꝰ Alfonssꝰ pat meus
359 544 1168 607 dedit poplatoribꝰ de Cntrasta que Valencia nũc uocãt
339 599 1193 677 que tallis est. In nomine Patis ⁊ Filii ⁊ Sps Sci amen. Hec
367 652 1181 732 e carta de fforo qm iussi fieri ego Alfonssꝰ dei gra
369 706 1187 779 Port rrex una cũ uxore ma rregina dona Vrraca ⁊ filliis
369 756 1202 831 mis infantibꝰ donno Sancio et dõno Alfonsso ⁊ dõna Alionor
365 810 1211 882 ub popullatoribꝰ de Contrasta tam pssentibꝰ quã futuris.
361 861 1205 958 In pimis concedimꝰ ubs ut nõ detis p homicidio ni III.ᶜ sl
359 926 1204 1003 in apciadura ⁊ de illiis trecẽtis solidis detis inde septimã
362 977 1197 1054 ad pallacium p manũ iudicis. Et ĩ aliquo pyto ul in alli
361 1023 1211 1123 q calũpnia nõ ĩtret ms meirinꝰ ni iudex de uro ꝯcillio .
370 1082 1216 1162 Et tcia pars de uro concilliio faciat fossatum ⁊ alliis due
370 1136 1215 1216 partes stẽt ĩ ura uilla. Et de illa tcia ps q debuerit face ffo
374 1191 1215 1277 ssatũ ille qi ibi nõ fuerit p p ffossadeira V sl ĩ appci
368 1244 1226 1320 adura . Et nõ faciatis fossatum nissi cũ dno uro una
366 1304 1211 1374 uice in anno ni fuerit p beneplacitum urm . Et clicii
358 1358 1197 1434 ⁊ pedones nõ faciant fossatum. Et nõ intret ibii nũcium
362 1398 1224 1499 neq manaria de aliquo homyne de Contrasta. Et qi ĩ tmino
