1360 1814
324 262 1070 322 de Contrasta filliiam alienã rapuerit ꝯ ssuã uolũta
328 311 1061 369 tem pectet ad pallacium trecẽtos slidos ⁊ exeat p ho
323 356 880 427 micida. Et ssi alliqs int uos in mcato
80 353 314 406 aut ĩ ecclia aut
62 392 300 457 ĩ ꝯcilio pgonato
895 370 1087 432 pcusserit ssuũ
317 421 1079 482 uicinũ pectet ssexaguinta s ad concillium ⁊ sit in sep
319 474 1090 529 tima de pallacio p manũ iudicis. Et de quolibet furto
320 524 1092 576 dns furti recipiat ssuũ cabũ et alliias octo ptes diui
323 570 1084 622 dat cũ iudice p medium. Et ille quy domũ fecerit
319 614 1101 676 aut uineã aut heditatem ssuam honorauit ⁊ uno ãno
314 665 1098 731 ĩ illa ssederit si postea in alliia tra habitare uolueriit
312 717 1096 786 suiat ei ssua heditas ubicũq hitauerit . Et ssi illam
316 769 1123 826 uoluerit uendere uendat cuy uolueit p for de ura uila.
314 821 1123 872 Et hoies de Contrasta quy debuint face iudiciũ aut
316 861 1116 923 ayuntã cũ omibꝰ de alliis tris habeant illud ĩ capit
317 915 1143 977 ssuor tminor . Damus ub p foro q milles de ꝯtra
322 962 1154 1041 sta stet p infancionne de toto mo rregno ĩ iudicio ⁊ ĩ iuramto
314 1011 1133 1081 ⁊ uincat ipm cũ duobꝰ iuratoriibꝰ . Et pedes est p milit
313 1061 1144 1129 uillianno de totis triis mis in iudicio ⁊ in iuramto ⁊ uincat
313 1109 1138 1180 cũ duobus iuratoriibꝰ . Et hoies quꝰ de ssuiis triis exiue
311 1163 1143 1219 rĩt cũ omicidio aut cũ muliere roussada ul cũ alliia
313 1200 1149 1263 qualib⁊ calupniã excepto q nõ duu ducat mulierem alienã
316 1243 1145 1318 de benedicionibꝰ ⁊ fecerit sse uassallũ de aliquo hominẽ de
316 1294 1117 1366 Contrasta sit liber ⁊ deffenssꝰ p forũ de Ꝯtrasta . Et ssy ho
318 1343 1124 1407 de alliia qualibet tra ueneriit cũ inimicicia aut com
325 1384 1132 1485 pignora pꝰtq in tmino de Ꝯtrasta intuit ssi inimicꝰ
