1386 1814
301 246 1165 318 eius pꝰt ipm introierit ⁊ eii pignꝰ abstulerit aut aliqi malũ eii
305 309 1179 381 fecerit ptet dno quy tenueit Contrastam VC V.ᶜ s ⁊ dupplet
311 366 1175 429 pignus ei cuy abstulerit ⁊ liuores qs feceit . Et quy hoiem de
307 414 1186 492 Contrasta pignorauit ⁊ ant eũ nõ pecierit ad directum ĩ concilio
306 463 1185 544 uro pectet ad pallacium LX s ⁊ dupplet pignoram illii cuy abst
305 517 1197 588 ullerit. Et ho de alliia tra qi militem de Contrasta descaualga
304 566 1204 635 uerit pectet LX s . Et homo de Contrasta quy militem de alliia
304 622 1198 683 tra descalualgauerit pectet V s . Et ssy homo de aliia tra
305 675 1180 732 apprehenderit hominẽ de Ꝯtrasta ⁊ eũ in pissionẽ misit pectet
311 702 1196 804 III.ᶜ s . Et ssi homo de Contrasta apphendit hoiem de alliia
307 763 1203 852 tra pectet V s . Et ssi homo de Ꝯtrasta p alliq fideiussoria
320 813 1205 917 p mediũ anũ nõ fuit rrequessitꝰ sit liber de illa. Et ssy n sy
310 881 1194 958 mortuus fuit mulier ⁊ fillii eiꝰ sint liberii de illa. Et ho
317 938 1207 1014 mynes de Contrasta nõ ssoluant pignora p dno de Contrasta
316 989 1208 1074 neq p meirino nec sint pignorati p ssuo uicino. Et milliits
318 1044 1197 1119 de Contrasta neq mlieres uidue nõ dent pausatã p forum
318 1102 1207 1174 de Contrasta ni pedones p manũ de iudice us ad tciam diem. Et
316 1149 1223 1231 homines de uris tminis ul de alliis tris quy ssederint ĩ uras
315 1200 1224 1281 hereditates aut ĩ uros ssollares ⁊ dominy eor nõ fuerint
318 1260 1207 1339 ibi ueniant ad signũ de iudiçe ⁊ dent fideiussores q responde
314 1310 1223 1382 ant ad directum quando uenerit dny sui. ⁊ si forte fecerint
314 1369 1228 1459 calupniam pectent illam dnis ⁊ septimã ad pallaciam ⁊ nõ suiãt
