1388 1814
296 261 1085 322 ad aliũ homynẽ nissi ad dnos ssuos in quor ssollares
302 301 1079 377 ssederint. Et ssenare ⁊ uinee domini regis habeant ta
304 355 1077 425 lem forum qualle ssenare ⁊ uinee ure habuerint. Et
299 396 1076 480 quy uicinũ ssuũ occiderit ⁊ in domo ssua fugerit qi
309 450 1084 520 pꝰt illum intuerit ⁊ ibii eũ mactauerit pectet CCC s .
313 502 1101 575 Et quy mlierẽ afforciauit ⁊ ipa uoces mitendo uenerit
311 548 1106 634 si ipe cũ duodecim nõ potuit sse saluare pectet III.ᶜ s . ⁊ quy
312 603 1096 678 mlierem alienã pcusserit pectet ad ssuu maritũ XXX s
309 659 1097 734 ⁊ septimã ad palacium. Et homo de Contsta quy fideiuso
306 711 1085 773 res dare uoluerit p intẽcione de qua eũ inquietauit ⁊
303 751 1096 830 dederit duos hoies fideiussores ⁊ ipe tciꝰ si ille quy eũ
305 808 1116 883 inquietauit nõ uoluerit recipe fideiussores ⁊ postea eum
304 861 1118 928 mactauit totum concilium pectet homicidiũ ssuis parenti
301 908 1117 969 bꝰ . Et pallacium dny rregis ⁊ pallaçium epi habeant ca
301 957 1115 1023 lupniam. Et tota ciuitas habeat unũ forum. Et homo
301 999 1096 1074 de Ꝯtsta quy fideiussor intuerit si contentore eũ nõ li
299 1048 1099 1119 berauit quallem fideiussoriã fecerit tallem pectet. Et si
299 1101 1100 1165 habuit illum ssuũ intentorem mitat illum p sse ⁊ exe
299 1143 1109 1214 at ipe de fideiussoriia. Et sospecta de decem s adi minus
296 1180 1124 1265 iuret cũ uno uicino quallem habuit . Et de decẽ s ⁊ ssup
296 1238 1133 1309 iuret cũ duobꝰ uicinis. Et homo de Ꝯtrasta quy sse tornare
301 1285 1155 1356 uoluerrit ad alliũ dnm ut eii benefaciat ssua cassa ⁊ ssua
297 1331 1145 1406 hereditas ⁊ uxo ssua ⁊ fillii ssui sint liberii ⁊ soluti p for
298 1375 1164 1465 de Ꝯtsta . Damꝰ etiam p foro ub ub q nõ habeatiis alium
