1415 1814
274 275 1113 330 dnm ni me rregem ⁊ uxorem meam ⁊ filliios mos . Et homo
274 319 1107 399 de de Ꝯtrsta quy fuit exheredatus p manũ ssuam nõ
279 376 1099 447 pectauit ssuam hereditatem uadat illam acipe sine aliq
280 429 1099 499 calũpnia . Et totꝰ homo de Ꝯtsta quy habuit hditaten
280 485 1096 556 ĩ alia tra nõ faciant fossatum ni p fomm fforum de Ꝯ
280 533 1111 618 trasta . Et ho de Ꝯtrasta quy habuerit mulierem ad bene
278 590 1117 660 diciones si eam lexauerit pectet unũ denariium ad iudi
282 649 1108 712 cem. Et ssi mulierem lexauit suum maritum q ht
282 694 1112 758 ad benedicones pectet III.ᶜ s medietatem ad pallacium ⁊ me
281 744 1114 815 dietatem ad ssuũ maritũ . Et quy disrupit cassam cũ
277 792 1120 867 lanceiis ⁊ cu scutis della porta adentro pectet III.ᶜ s medi
277 847 1123 919 etatem ad dm donm de ipa cassa ⁊ medietatem ad pallacium.
285 903 1126 983 Et quy pcusserit suũ uicinũ cũ spata pectet XL s ⁊ septi
1097 876 1162 932 mã
278 957 1140 1035 ad pallacium. Et qi pcusserit suũ uicinũ cũ lancea ⁊ exi
280 1009 1155 1088 eriit de una part ad alliam pectet XX s ⁊ septimã ad pa
279 1065 1147 1134 lacium. Et ssy nõ exierit ad alliiam partem pectet X s . Et
279 1111 1141 1190 de plaga unde ossa exierint p unoqoq osso pectet X s ⁊
278 1159 1142 1256 septimã ad pallacium. Et de allia plaga qinq s ⁊ septi
279 1229 1145 1301 mã ad pallacium. Et p tota pignora siue de palacio siue
283 1281 1150 1354 de ꝯcillio recipiant fideiussorem p ad forum. Et ꝯcedimꝰ
281 1336 1146 1411 ub q nõ habeamꝰ defenssam neq montem n pelagum
282 1385 1146 1456 ni de toto concilliio. Et montadigo de xtremo de Ꝯtrasta aci
284 1432 1180 1516 piant yllud milites de Ꝯtsta cũ dno ssuo ⁊ habeãt inde tciam
