1382 1813
299 275 1132 349 patẽ . Et nullꝰ acipiat montadigo de ganatiio de Ꝯtsta .
298 332 1120 399 Et hoies de Ꝯtrasta nõ dent portaticũ in toto nro regno.
306 386 1113 461 Et de carega de portadiga de peon III mlas ⁊ de caua
306 432 1100 514 lo I s ⁊ de mullo I s ⁊ de boue ssex denariios. Et de
304 486 1095 562 toto portadigo quy uenerit ad Ꝯtrastã hospes ubii pau
304 534 1113 620 ssauit tciam partem ⁊ portariiꝰ acipiat duas partes. Nen
303 592 1117 662 guno uicino nõ respondeant sine rancurosso. Totas istas
290 637 1118 713 intenciones iudicent alcaldes de uilla ura p ssuã cartã
286 691 1104 771 ⁊ alliias intenciones iudicent scdm suũ sensum sicut
293 744 1118 823 melliiꝰ potueriint. Facta fuit hec carta apd Vimaran
294 795 1120 879 XI die augꝰtii E M.ᵃ CC.ᵃ LV.ᵃ. Nos ssupnnati quy
296 852 1118 927 quy hanc cartã fierii pcepimꝰ coram ssubscptis eam ro
296 900 1131 972 borauimꝰ ⁊ in ea h signa fecimꝰ +++++. Et sciendum
297 941 1124 1016 e q pater meus inclite memoriie rrex dõnꝰ Sanciꝰ fct
296 999 1130 1069 homibꝰ de Ꝯtrasta aliam tallem cartam ⁊ ego ꝯcedo eiis
290 1045 1144 1122 illã ⁊ ꝯfirmo ⁊ ssup hoc dedi eiis istam meã cartam mu
294 1088 1160 1166 nitam sigillo meo plũbeo . Quy afuer : Dõnꝰ Martinꝰ Ihis
296 1133 1176 1231 f signif dny rregis ꝯf . Donꝰ Petrꝰ Iohais maiodomꝰ curiie
296 1194 1142 1284 ꝯf . Donꝰ Laurenciꝰ Ssuariiz ꝯf . Dõnꝰ Gil Valasqiz ꝯf . Donꝰ
297 1256 1157 1330 Gomeciꝰ Ssuariiz ꝯf . Dõnꝰ Ffnandꝰ Fnandi ꝯf . Donꝰ Ioha
292 1296 1138 1368 nes Fnandi , Dõnꝰ Roderiicꝰ Mndi ꝯf . Dõnꝰ Ponciꝰ Alfonssy
295 1348 1170 1419 ꝯf . Donꝰ Lupꝰ Alfonssi ꝯf . Dõnꝰ Stephanꝰ archips Bracaren
299 1390 1162 1461 ꝯf . Dõnꝰ Mtinꝰ Portg eps ꝯf . Donnꝰ Petrus Colimbien eps
294 1427 1171 1542 ꝯf . Dõnꝰ Suariiꝰ Vlixbon eps ꝯf . Dõnꝰ Plagius Lamecen
