1676 2226
966 1111 1395 1155 Forum atq custume de ciuitate Aguarda
970 1140 1474 1187 n nne patris ⁊ filii ⁊ spus sancti, amẽ . Hec est car
968 1171 1453 1214 ta de foro quam iussi fi ego S. Di gra Port rex
969 1203 1468 1242 una cum filio mo rege Dõnno Alfonso ⁊ cetis filiis
969 1228 1460 1268 ⁊ filiabꝰ mis ub pplatoribꝰ de ciuitate Aguarda tã
969 1260 1470 1299 psentibꝰ qm futuris. In pimis ꝯꝰ ub ut n detis p homi
968 1289 1458 1331 cidio ni CCC sl in appciadura ⁊ de istis CCC sl detis
967 1314 1466 1359 VII.ᵃ ad palacium p ꝯcilium ⁊ per manũ iudicis. Et
966 1347 1469 1387 ĩ aliqo pecto ul in aliq calumpnia n intret ms meiri
968 1373 1468 1413 nus ni iudex de uro ꝯcilio Et tcia pars de uro ꝯcilio
967 1406 1463 1443 faciat fossadum ⁊ due partes stent ĩ ura ciuitate.
968 1430 1460 1472 Et de illa tcia que debuint face fossadum, ille qi ibi
967 1465 1465 1505 nõ fuit pectet p fossadeira V sl in apciadura . Et
969 1488 1466 1528 nõ faciatis fossadum ni cum dno uro una uice ĩ ãno ,
969 1521 1457 1560 ni fuit p bnplacitum urm . Et clici ⁊ pedones nõ fa
966 1548 1469 1589 ciant fossadum. Et nõ intret ii nunciũ neq mana
966 1574 1466 1613 ria de aliqo homine de Aguarda. Et qi in tmino de A
967 1608 1465 1649 gda filiam alienam rapuit ꝯ suam uoluntatẽ pet
966 1639 1458 1674 ad palacium CCC sl ⁊ exeat p homicida. Et si aliqis
964 1664 1463 1707 ĩter uos in mcato aut ĩ ecc aut ĩ ꝯcilio appgonato
966 1690 1460 1736 pcusserit suũ uicinũ pectet LX.ᵃ sl ad ꝯciliũ ⁊ sit
966 1717 1462 1784 inde sept de palo p manũ iudicis. Et de qolibet fto
