1677 2226
221 183 728 226 dus furti reccipiat suũ cabum ⁊ alias VII partes di
221 213 716 260 uidat cum iudice p mediũ . Et ille qi domum fecit
221 242 717 280 aut uineã aut suam heditatẽ honauit ⁊ uno ãno
220 267 717 304 ĩ illa sedit , si postea ĩ alia tra heditate uoluit , suiat
222 293 725 333 ei tota sua heditas uicumq habitauit . Et si uoluit
223 319 727 354 illas uende uendat cui uoluit p forum de ura ciui
221 342 723 375 tate. Et homines de Agda qi debuint hre iudiciũ
221 371 717 410 aut iuctã cum hominibꝰ de aliis tris , hat illud ĩ
218 395 723 445 capit suor tminor . Damus ub p foro q miles
216 427 716 477 de Aguarda stet pro ĩfancone de toto nro regno ĩ
215 460 740 509 iudicio et in iuramento ⁊ uincat ipm cum II iura
215 484 724 531 toribꝰ . Et pedes de Aguarda stet p milite uilano de
215 514 717 558 totis tris nris in iudicio ⁊ in iuramento ⁊ uĩcat cũ
215 542 719 584 duobꝰ iuratoribꝰ . Et homines de suis tris exint cum
215 576 721 615 homicidio aut cum muliere rausata l cum alia ql
215 602 717 643 calumpnia, excepto q nõ ducat mulierẽ alienã ⁊
215 634 718 673 fecit se uassalum de aliqo homine de Aguarda sit
215 664 719 699 liber ⁊ defensus p forum de Aguarda. Et si ho de alia
216 690 743 734 qlibet tra uenit cum inimicicia aut c pigore , pꝰq ĩ ter
217 718 725 759 mio de Aguarda intrauit si inimicꝰ eiꝰ pꝰ ipm ĩtroierit
218 751 725 790 ⁊ ei pignꝰ abstulit aut aliq malũ illi fecit pectet dno
220 780 729 818 qi tenuit Aguardã D sl ⁊ duplet pignꝰ ei cui abstulit
220 810 737 854 ⁊ liuores qos fecit . Et qi hominẽ de Aguarda pignora
222 834 724 874 uit ⁊ an nõ pecierit directum ĩ ꝯcilio uro pectet ad
221 865 716 900 placiũ LX sl ⁊ duplet pigora illi c accepit . Et ho de
221 891 723 928 alia tra qi militẽ de Guarda descaualgar pectet LX sl .
220 920 718 950 Et homo de Aguarda qui militẽ de alia tra descaual
216 939 719 985 gar pectet V sl . Et si ho de alia tra apphendit hoinẽ
220 968 713 1001 de Aguarda ⁊ eum ĩ psonẽ misit , pectet CCC sl . Et
281 1014 717 1057 si ho de Agrda p aliq fiaduria p mediũ annũ
221 1044 716 1085 n fuit reqisitꝰ sit liber de illa. ⁊ si mortuꝰ fuit mulier
222 1072 707 1119 ⁊ filii eiꝰ sint libi de illa. Et homies de Aguarda n sol
223 1106 717 1151 uant pignora p dno de Aguarda neque p meirino
223 1134 728 1174 neque sint pignorati ni p suo uicino. Et milites de
221 1167 729 1210 Aguarda neq mulieres uidue n dent pausatã p for
222 1193 730 1235 de Aguarda ni pedones p manũ de iudice. Et homĩes
222 1219 723 1266 de uris tminis qi sedint ĩ uris heditatibꝰ aut ĩ uros so
223 1246 738 1298 lares ⁊ dni eor n fuint ii ueniant ad signũ de iudi
225 1277 712 1318 ce ⁊ dent fideiussores q respondeant ad directũ qn
225 1305 729 1344 uenint dni sui. Et si fecint calumpniã pectent illã
225 1333 727 1371 dnis suis ⁊ VII.ᵃ ad palaciũ . Et n suiant ad aliũ ho
226 1360 724 1398 minẽ ni ad dnos suos in qor solare sedint . Et senare
225 1392 728 1427 ⁊ uinee dni regis hant tale for qle senare ⁊ uinee
226 1418 727 1455 ure habuint . Et qi uicinũ suũ occidit ⁊ ĩ domũ suã
225 1448 725 1484 fugit qi pꝰ illum ĩtrauit ⁊ ii eũ mactauit pectet CCC
225 1470 734 1516 sl . Et qi mulierẽ afforciauit ⁊ illa uoces mittẽdo ue
227 1506 734 1548 nit , si ipe cum XII n potuit se saluare, pectet CCC sl .
225 1535 733 1575 Et qi mulierẽ alienã pcusserit pectet ad suũ maritũ XXX
226 1560 719 1601 sl ⁊ VII.ᵃ ad palaciũ . Et ho de Aguarda qi fideiussores
227 1587 725 1634 dare uoluit p intẽcoe de q eum ĩqietauint ⁊ dedit II.ᵒˢ
228 1616 730 1663 homines fideiussores ⁊ ipe sit tcius , si ille qi eum in
228 1648 732 1692 qietauit uoluit recipere fideiussores ⁊ eũ pꝰea mactaue
228 1678 728 1722 rit totum ꝯcilium pectet homicidiũ ss parentibꝰ . Et
228 1704 727 1767 palacium dni regis ⁊ palaciũ epi hant calumpniã ⁊
771 173 1258 218 tota ciuitas hat unũ for . Et homo de Aguarda qi fi
770 202 1251 247 deiussor intrauit si ꝯtentor eũ n libauit qlẽ fecit
772 233 1258 270 talem pectet. Et si habuit illum suũ ĩtentorẽ mit
771 265 1252 296 tat illum p se ⁊ ipe exeat de fiadoria. Et de suspec
774 289 1240 324 ta de X sl ⁊ sup iuret cũ duobꝰ d suis uicinis, ⁊ de
770 314 1260 354 X sl ad minꝰ iuret c uno uicino qlem habuit . Et
774 340 1241 382 ho de Aguarda qi se tornauit ad alium dnũ ut ei
772 366 1255 406 bnfaciat sua casa ⁊ sua heditas ⁊ uxor sua ⁊ filii sui
774 396 1256 431 sint libi p forum de Aguarda. Damꝰ ⁊ ub p foro ut
775 420 1251 462 n hatis aliũ dnm ni nos reges ⁊ filios nros ⁊
774 453 1260 493 qm ꝯcilium uoluit . Et ho de Agrda qi fuit exere
774 483 1278 521 datus ⁊ p manũ suã n pectauit suã heditatẽ uadat
774 510 1262 550 illam accipe sine aliq calumpnia. Et totꝰ ho de Ag
776 544 1275 584 rda qi habuit heditatẽ in alia tra nõ faciant fos
772 575 1255 615 satum ni p for de Aguarda. Et ho de Aguarda qi ha
774 604 1265 640 buit mulierẽ de bndicoe , si eam laxauit , pectet I d
774 633 1262 666 ad iudicẽ . ⁊ si mulier laxauit suũ maritũ q habuit
776 659 1275 699 ad bndictioes , pectet CCC sl , medietatẽ ad pal ⁊ me
776 686 1272 728 dietatẽ ad suũ maritũ . Et qi dasrupit casam c lanceis
777 719 1273 760 scutis de la porta adentro pectet ccc sl , medietatẽ
779 746 1272 786 ad dnm de ipa casa ⁊ aliã medietatẽ ad pl . ⁊ si pcussit
780 776 1277 818 suũ uicinũ cũ spata, pectet XL sl , VII.ᵃ ad pl . Et qui p
775 808 1272 842 cussit suum uicinũ c lancea ⁊ exit de una parte ad
776 831 1268 875 aliã pectet XX sl ⁊ VII.ᵃ ad pal . ⁊ si n exierit ad aliã
777 864 1270 904 partẽ pectet X sl ⁊ VII.ᵃ ad pal . Et de plaga un ossa
776 890 1271 931 exierint, p uno qo osso pectet X sl VII.ᵃ ad pal . ⁊ de alia
777 920 1267 959 plaga V sl VII.ᵃ ad pal . Et p tota pignora siue sĩt de
776 944 1271 979 ꝯcilio siue de palacio recipiant fideiussorẽ p ad for .
775 972 1270 1005 Et ꝯꝰ ub q n hatis defesam neq montẽ neq pelagũ
776 999 1270 1035 ni de toto ꝯcilio . Et mõtadigũ de stremo de Aguarda
776 1025 1258 1057 accipiant milites de Aguarda cum dno suo ⁊ hant
777 1043 1282 1087 in terciã partẽ . Et nullus accipiat mõtadigũ de ga
780 1070 1268 1113 natis de Aguarda. ⁊ de carrega de portatico de pedone
779 1100 1273 1137 III ml , ⁊ de caualo I sl , ⁊ de mulo I sl , ⁊ de ansino ⁊
774 1125 1277 1169 de boue VI d . Et de toto portatico q uenit ad Aguar
775 1157 1288 1202 dam, hospes ui passauit accipiat terciã partẽ ⁊ porta
772 1189 1268 1236 riꝰ accipiat duas partes. Totas istas intẽtoes iudicẽt
775 1224 1263 1262 alcaides ⁊ uilla ura p suam carta. ⁊ alias intẽcoes
779 1255 1271 1291 iudicent s sensum suũ sic melius potuint . Et hoies
777 1282 1271 1319 de Aguarda n dent portaticum ĩ toto nro regno. Facta
780 1309 1276 1341 fuit h carta apud Colimbiam V.ᵒ kl Decembris e M.ᵃ
777 1334 1266 1373 CC.ᵃ XXX.ᵃ VII.ᵃ anno regni nri XIIII.ᵒ. Nos reges qi hanc
777 1362 1266 1404 cartam fie pcepimus coram subsciptis eam robauimꝰ
780 1394 1271 1432 ⁊ in ea h sig fecimus ++++++. Qicumq ig h nrm fcm
780 1418 1273 1461 ub integrũ obseruauit sit bndictꝰ a Do , amẽ . Et to
779 1451 1271 1485 tus uicinus de Aguarda nõ respondeat siue rãcu
777 1476 1271 1516 roso . Isti sunt tmini qos rex Dõnus S. ꝯcessit ciui
777 1508 1267 1552 tati de Guarda. In pimo de Coa p portum de Auazil ⁊
780 1532 1277 1577 p portum uetꝰ de Pega. De parte de Celorico ⁊ p Lũbũ
782 1565 1278 1601 Velium ⁊ p fontẽ de Salgueira ⁊ p inter ambas fontes
779 1590 1272 1633 de Couadoudi in directum ad Mõdegũ ui dns rex
780 1620 1299 1658 posuit cum sua manu petras. De parte de Linares per
781 1643 1286 1685 Mõdegum ⁊ p Albergariã de Mõdego ⁊ p carreirã ueliã
781 1671 1280 1715 qe uadit p Couilianã ⁊ Barrelas cum toto suo tmino
779 1702 1294 1765 qomo spartit cum Valelias pelo Peso ⁊ pelo semdeiro da
1221 1737 1322 1789 Mo
