1532 2002
1331 497 1443 558 D Monsanto
821 540 1378 597 n nne patis ⁊ filii ⁊ spu sci amẽ . Ego Alfonsꝰ Di gra Port
817 567 1376 615 rex ⁊ filiis nris infantibꝰ rex Dõnꝰ Sanciꝰ ⁊ filia ma regina
814 595 1378 650 Dna Tharasia facimꝰ cartam ⁊ sciptam firmitudinis omibꝰ hoibꝰ
816 625 1372 672 tã psentibꝰ q futis qi pplare ⁊ habitare uoluĩt ĩ ipo castello de
816 651 1375 697 Monte Sco , ut nllm for faciãt ĩ tra nra neq calupniã ullã
816 675 1370 730 neq ĩtẽcoem aliq pectẽt . Damꝰ ⁊ illis for ut ubicũq ĩ tra
814 706 1372 757 nra heditates habuĩt , calũpniã ul uocẽ ullã pectẽt , neq
814 737 1370 788 for ullũ faciãt . Et si homo de Monte Sco iudiciũ habuit cum
814 767 1369 816 hoine de alia tra , nõ det directũ ni ad portam de Mõte Sco . Si
812 794 1374 843 homo de Mõte Sco suũ directũ demãdauit ad hoiem de alia tra
809 825 1366 873 ⁊ in iudiciũ uoluit mitte sedeat ad portã de Mõte Sco . Et si
811 852 1375 899 pua fuit , nõ sit facta ni ad portã de Mõte Sco . S ipi tantũ
811 882 1368 935 hoines qi in pdicto castello habitauĩt dẽt nb qintã ex oibꝰ qe
812 912 1361 963 ex tra saracenor ul xitanor altiꝰ regni lucrari adquire potuĩt .
808 942 1358 996 Damꝰ ⁊ for ut qi pcussit ul desonrauit caualleirũ de Mõte Sco
807 976 1351 1023 pectet ei qingentos sl . Et qi pcussit peõ pctet ei C sl . Et
806 1004 1368 1051 caballarii de Monte Sco sĩt ĩ iudicio p infanzonibꝰ de alia tra . Et
805 1032 1370 1076 pedones p caballariis. Et ut hoines qi habitauĩt ĩ heditatibus
803 1062 1358 1106 de militibꝰ de Mõte Sco habeãt talẽ for qlem habuĩt pedones
804 1091 1381 1140 de Mõte Sco . Et qi habitauĩt ĩ heditatibꝰ peditũ de Mõte Sco habeãt
803 1124 1366 1168 tale for qle habẽt pedites de Mõte Sco . Et hoines de Mõte Sco
806 1154 1371 1192 nllm portagean de tra nra . Conciliũ de Mõte Sco mittat ĩt se foros
802 1177 1362 1223 ⁊ custumes qles . Si qis homo uenit ul uenero qi hãc cartã
799 1205 1369 1249 irrũpe uoluit sit maledictꝰ ⁊ excomunicatꝰ ⁊ cũ Iuda traditore
803 1233 1365 1280 ĩ ĩfno dapnatꝰ . Facta carta fori ⁊ roborata apd Colĩbiam mẽse
796 1257 1365 1309 Apilis , e M.ᵃ CC.ᵃ XII.ᵃ. Ego rex Alfonsꝰ ⁊ rex Sanciꝰ ⁊ Dna re
796 1286 1376 1329 gina Tharasie cũ manibꝰ nris roboramꝰ +++++. Qi psentes fuer :
801 1312 1376 1366 Valascꝰ Fnãdi ts . Suariꝰ Venegas ts . Fnãdꝰ Gusalui ts . Alcaide
827 1343 1041 1383 Gunsaluꝰ de Sena ts .
794 1363 1385 1418 Ego Alfonsꝰ Di gra Port rex una cũ uxore ma regina Dna
796 1398 1368 1451 Vrraca ⁊ filiis nris infantibꝰ Dono Sancio ⁊ Dono Alfonso ⁊ dõ
796 1426 1361 1473 na Alionor ꝯcedo ⁊ ꝯfirmo ub moratoribꝰ de Mõte Sco tam
797 1452 1361 1497 psentibꝰ q futis istã cartã ⁊ istd for qd ub dedit auꝰ ms excelẽ
794 1481 1368 1530 tissime memorie rex Dõnꝰ Alfonsus. Et ut hoc mm factum
797 1509 1356 1559 ĩ ppetuũ rob optineat pcepi fi istam cartã ⁊ eã feci mo sigillo
794 1536 1376 1586 plũbeo ꝯmuniri . Facta fuit hec carta mẽse Octobi e M.ᵃ CC.ᵃ L.ᵃ V.ᵃ.
797 1567 1362 1616 Nos sup nominati reges qi hãc cartam fieri precepimus
793 1594 1367 1642 coram subsciptis eam roboramꝰ ⁊ ĩ ea hec signa fecimus ++++.
796 1616 1371 1696 Qi affuer : Dõnꝰ Stephanꝰ Bcaren archieps ꝯf . Dõnꝰ M. Port ꝯf .
