3401 1878
318 181 2837 244 om Joham per gça de Ds rey de Portugall ⁊ dos Algarues d'aaquem ⁊ d'aalem mar em Africa. A qntos esta carta virem fazemos sabr q a nos enujarom dizer o ꝯçelho ⁊ mres
299 224 2853 295 da uossa villa de Monte Alegre q lhe mandassemos dar o trellado da carta do foro de Padornellos e nos visto sseu diz ⁊ pidir ⁊ qrendo lhe fazer graça ⁊ merçee mandamos a Fernã
209 269 2833 334 a Fernam Lço caualeyro de nossa cassa ⁊ espuam da nossa fazenda ⁊ tesoureyro ⁊ feitor dos nossos trautos de Gujne q ora tem carrego p nosso espiçiall mãdado da Torre do Tonbo q
201 302 2801 378 lhe desse o dco trelado em hũua nossa carta asijnada p elle ⁊ aseellada do nosso seelo sgo nossa ordenamça p alua q ffoy feco em ---ja p Esteuom Vaaz a XXII d de Março. O ql
207 350 2841 413 em ꝯpmento de nosso mandado fez buscar as espturas da dcta Torre onde foy achada hũua carta do foro de Padornellos termo de Barrosso aas oyteenta folhas do liuo d'el Rey Dom
204 393 2836 463 Afom Conde de Belonha. A qll carta he esta q sse ao diante ssegue: ¶ A. Dey gracia rex Portugalie. Vniuersis pressintem cartam inspecturis notum facio q ego mandaui fieri
208 441 2847 504 inquisicionem p iudicem ⁊ tabelionem de Barrosso sup eo q Rodericꝰ Petri quondam iudex de Padornellos dixit michi p hominibꝰ de Padornellos q ipi homines de Padornellos
206 482 2845 558 pdiderunt suam cartam de foro quam Rex Donus Sançius auus meus dederat eis p quam cartam habebant de suos tmjnos diuisatos ⁊ demarcatos p quam populabãt
204 524 2832 597 ipm meuz regalengum de Padornelos ⁊ faciebant inde mi meum forum ⁊ jnueni p ipssam inquisicionem quam ego jnde sup hoc recepi clausam ⁊ sigilatam sigilis
206 566 2814 641 pditis iudicis ⁊ tabelionis q quicunq homo habuerit unũ iugũ bouũ debet mi ⁊ sucessoribꝰ meis dare omibꝰ anuatỹ un quartariũ de pane ⁊ qui habuerit unũ
204 618 2860 680 bouem debet dare mi ⁊ oibꝰ sucessoribꝰ meis unũ sestarium de pane pro iugada ⁊ qui habuerit quayrelam debet dare un sestarium de pane p iugada ⁊ pꝰtq habuerit
203 662 2886 726 eam p unũ anom debet eam uendere ul donare si noluerit tali homini laico qui faciat inde mi ⁊ onibꝰ sucesoribꝰ meis meum forum plene ⁊ sine inpidimento et similiter
202 706 2843 768 inueni p ipam inquisicionem q homines de Padornellos nom debent pectare nisi tres calunias uidelicet rausum homicidium de homine mortuo ⁊ stcus positum
207 753 2829 812 in ore ⁊ q p furto debent dare p uno nouẽ ⁊ q p rausso ⁊ homicidio de homine mortuo ⁊ p estercore posito in ore p quolibet eor debent dare mi ⁊ onibꝰ sucessoribus
203 799 2814 852 meis C.ᵐ modios planos ⁊ istud debet an pbari p bonos homines ⁊ pdctꝰ panis ⁊ calupnie debent esse date p iudicem de ipa uilla de Padornellos et similiter inueni
201 831 2854 898 p preditam inquisicionem q quicunq habuerit cabalum ul equam ⁊ escutum ⁊ lanceam nom debet dare iugadam nec luitosam nec portagium in toto meo regno
203 869 2817 931 nec debet ire in apelido nec in fosado ni q eadem die de qua exiuerit de casa sua posit redire ad suam casam ⁊ q prestimoniariꝰ nec maiordomus nõ debet hospitari
202 908 2817 974 in sua uilla ⁊ q ipi homines de Padornelos debent mictere iudicem et seruicialem ⁊ maiordomũ ⁊ clicum ⁊ q isti nõ debent dare iugadam ⁊ q nulus debet eos pinorare ni
205 952 2834 1019 p intencione predite uille ⁊ quicunq uoluerit recedere de ipa uilla debet ire in saluo cum tota sua sustancia ⁊ nulus debet eum inpedire et similiter inueni per
201 999 2820 1056 preditam inquisicionem q termini de Padornellos sunt isti uidelicet Laranqino ⁊ Sandim ⁊ Santa Cruz et quicunq male fecerit hominibꝰ de Padornellos debet
206 1041 2805 1102 pectare mille solidos de bona moneta un ego uisa inquisicione ipa ⁊ diligenter inspecta ⁊ habito consilio sup ea concessi ⁊ ꝯcedo hoibꝰ de Padornellos sup dctm
200 1081 2800 1146 forum tali uidelicet pacto q ipi faciant mi ⁊ onibꝰ succesoribꝰ meis sup dctm forum plene ⁊ in pace in cuiꝰ Rey testemonium dedy hominibꝰ de Padornelos istam
200 1120 2801 1190 meam cartam. Dat Colinbrie V.ᵒ die Octubr . Rege mandante p Dõnũ Iohane de Auoyno mayor domũ curie ⁊ p cancelarium ⁊ p Martinũ dade ⁊ p Alfonsum Sueri sup
204 1162 2824 1232 iudicem Vincẽtiꝰ Fernãdi not . E. M.ᵃ CCC.ᵃ III.ᵃ. A qll carta de foro asy achada o dcto conçeelho ⁊ mres da villa de Monte Alegre uos nos pidirõ q lhe mandassemos dar
199 1200 2816 1289 o trellado o qll lhe foy dado em ꝯpmto de sseu alua . Dante em a çidade de Lixboa pmro d d'Abrjll. El Rey o mandou p o dcto Fernam Lço a q pa esto tem dado sseu espiçiall carego,
198 1248 1583 1336 Ruj Lopez de Veirꝰ espuam da dcta Torre a fez. Ano do Senhor de mill ⁊ IIII.ᶜ LXXXIIII anos.
