871 1258
124 93 778 191 Do caualo ou da mua q uẽderẽ ou cõprarẽ homees
151 437 781 487 ou de pelles ou de coelhos ou de coyros umelhos ou d'aluos ou
179 768 817 828 ta caualar ou de muar dẽ III drs e de asnal dẽ III mealhas.
741 805 808 858 Dos m
742 850 832 901 cadores :
156 809 737 883 Mercadores naturaaes da uilla q soldada dar qiserẽ
172 852 741 917 seia rreçebuda deles. Se p uẽtura soldada dar nõ qisẽ
178 896 806 959 dẽ portagẽẽ. Da carega do pescado a ql ende leuarẽ homẽs
179 943 690 999 de fora dem VI dinrs . Do cauam se laurar:
159 974 819 1057 Cauã se laurar laurar trigo de hũa teeiga. Se lauorar milho
236 135 760 201 de fora de X mrs a ssuso dẽ I mr e de X mrs
153 182 778 232 a iuso dem mo mr . Da egoa uẽduda ou cõprada dem
161 222 781 282 II ss e da uaca I ss e do asno e da asna I ss e do mo
157 267 775 323 uro ou da moura I ss meyo mr do porco ou do cneyro
151 310 772 367 II drs do cabrõ ou da cabra I dinro da carrega do azey
162 348 796 406 te ou de coyros de boys ou de zeuros ou de çuos dẽ meyo mr
154 393 773 448 da carrega da cera m mr de carrega d'anil ou de panos
160 472 790 536 de pimẽta ou de grãa I mr do bragal II dinrs do uesti
161 518 790 575 do das peles III dinrs , de linho ou dos alhos ou das çe
170 564 788 612 bolas dẽ dizima, de pescado de fora dẽ dizima, de cũcas
172 601 780 656 ou de uasos de lennho dẽ dizima. E por todas estas care
171 639 794 706 gas as qes uẽderẽ homẽs de fora e portagẽ derẽ se outras
167 683 788 749 carregas cõprarẽ nõ dem portagẽ delas. Da carrega do
167 723 793 798 pam ou do sal a qual uẽderẽ ou cõprẽ homẽs de fora. De bes
