872 1258
90 87 714 143 de outosy semelhauelmte . E de jeyra de boys de I qtro
96 133 703 187 de tijgo ou de milho de qualquer q laurar. Do q deuem dar
579 178 702 227 os peones:
71 171 578 268 Peões dẽ oytaua de pã e de uinho ⁊ de linho.
104 212 559 273 E os beesteyros aiam foro de caualeyros.
685 257 722 306 Da
567 304 722 355 honrra da molhe
578 342 712 398 do caualeyro:
71 263 679 327 Molh de caualeyro q uiuuas aiã honra de caualeyro
84 307 567 357 ata q case. E se casar cõ peõ faça foro de peõ.
79 341 576 401 Caualeyro q enuelheçer ou asy enfraqçer
83 386 702 442 q nõ posa faz fossado este en sa honrra. E se pela uẽtuyra
88 430 725 479 molh de caualeyro uyuuada tal filho ouu q con ela ẽ casa
91 469 697 525 se contenha e caualaria poder faz faça ela pola madre.
603 513 745 570 Dos almocues :
57 514 599 568 Almocue q pela almocrauaria uyu faça seu foro
61 559 692 606 por hũa uegada ẽ no ano mays caualeyro q seu caualo
86 601 687 650 ou sas bestas met a almocuaria nẽ hũu foro d'almocuaria
86 640 398 699 en nõ faça. Dos coelheyros:
66 677 700 742 Coelheyro q for a sogeyra e alo maer de hũa pelle de co
89 726 707 786 elho. E o q alo morar VIII.ᵒ dias ou mays de hũu coelho
81 768 758 829 cũ sa pelle. E o coelheyro de fora de dizima p qntas uezes ueer.
62 805 562 866 Moradores de Scarem q seu pã ou uinho
565 814 714 862 Dos moradores
604 857 711 914 d Scarem :
82 858 601 909 ou figos ou azeyte en Lixbõoa ouuerẽ ou ẽ outos
83 893 720 962 logares e ele a Santarẽ pa sa pl aduserẽ e nõ a reuẽder
84 931 676 1004 nõ dem ẽde portagẽ. Dos que baralharem cum alguẽ:
67 974 700 1043 Quẽ cũ alguẽ baralhar e depos a baralha a sa cassa
