1624 2202
987 1403 1185 1453 Forum de Moreira
768 1433 1110 1475 n nne sce ⁊ ĩdiuidue tinitatis patis
765 1453 1216 1501 ⁊ filii ⁊ spt sci uniꝰ sũmi Di facimus cartam istam
763 1486 1214 1528 ĩ ipiꝰ nne tinitatis . Ego rex Alfonsus Port parit
765 1513 1216 1556 cum filio mo rege Sancio ⁊ cum filiis mis ub
763 1545 1211 1585 homines de Moreira qi ibidem pplatores estis p
765 1572 1211 1618 mandatũ mm ⁊ de filiis mis siue qe uenint ad
765 1603 1220 1649 pplamdum facimus ub cartulam sic ⁊ fecimus p
735 1634 1223 1679 sciptam ⁊ p pceptum mm firmit teneatis ut habea
735 1664 1222 1708 tis foro bono ⁊ custume sic habẽt homines de Sala
735 1693 1222 1748 manca. Et nõ detis mi nec ad pgenie mee nc ad nullo
