1624 2202
381 171 870 220 homine p homicidio ni VII.ᵃ ad palacium de CCC sl
384 209 883 248 apciadura p ꝯcilio ⁊ p manu de iudice. ⁊ nullo pecto
385 233 890 281 nc nulla calumpnia n intret ibi nullo mino ni iudi
385 267 882 304 ce de ꝯcilio . Et faciant fossado la tciia de los caualei
387 296 895 338 ros ⁊ las duas partes stent ĩ Moreira. ⁊ de illa pars una
387 320 888 368 qi habuit a andar in fossado ⁊ nõ fuit qomo det in fossa
387 352 890 390 deira V sl ĩ apciadura . Et n faciant fossado ni cũ nro
387 374 892 420 senior una uice ĩ anno aut ura uoluntas fuit . Et peo
390 403 881 451 nes nõ faciant fossado nc clici . Et nõ intret ibi nũcio
394 433 887 475 nc manaria de nullo qo hoie p foro de Moreira. Et qi ĩ
391 467 890 504 tmino de Moreira filia aliena rausar ꝯ sua uoluntate
394 489 887 533 qomo pectet ad palacio CCC sl ⁊ exeat omizieiro de suos
394 524 879 562 parentes. Si quis aliquis int uos ĩ mcato aut ĩ ecclia
394 550 888 595 ul ĩ ꝯcilio plecato a pcõ ferida fecit a suo uicino pctet LX
394 583 884 621 sl ad ꝯcilio ⁊ VII.ᵃ ad palacium p manu de iudice. Et
395 610 886 652 de furto qlibet sedeat q colligat suo dono suo cabdal, ⁊
394 636 881 671 de alia calumpnia partat cum illo iudice p medium.
395 656 895 702 Et qi domum edificauit aut uineas aut sua heditate
395 689 895 732 honorauit ⁊ uno anno ĩ illa sedit ⁊ postea ad alia tra
396 718 890 759 fuit , qomo seruiat illi sua heditate ui habitãs fuit . Et
397 748 898 791 si qsierit illas uende uendat ad quẽ uoluit p foro de Mo
398 773 897 817 reira. Et homines de Moreira q habuit iudicio ul aiũ
398 802 898 842 ta cum homines de alias tras hant illos ĩ cabos d suos
400 830 886 864 tminos . Et dono ub foro q stet caualeiro de Moreira
398 852 890 901 p ĩfanzon de totas alias tras siue ĩ iuramto qomo ĩ iu
400 883 888 928 dicio ⁊ passent sup illos cum duos iuratores. Et illos
401 908 888 955 peones de Moreira q passem sup illos caualeiros uilla
402 939 886 983 nos de totas alias tras ĩ iudicio ⁊ ĩ iuramto cũ duos
403 965 889 1005 iuratores. Et homines qi de suas tras exierĩt cũ hoi
403 992 897 1039 cidio aut cum mulier rousada ul cum alia calump
405 1026 887 1066 nia qlibet sedeat ni qi nõ adducat mulier aliena de
405 1050 894 1098 bndictoe ⁊ torne se ad senior de Moreira ⁊ sedeat sol
403 1080 894 1129 to ⁊ defeso p foro de Moreira. Et si quis homines de q
405 1114 899 1158 cunq tras cum inimicitate aut cum pignora uenit
405 1140 901 1185 ⁊ ĩ tmino de Moreira inttũ fuit ⁊ nullus inimicus
405 1167 895 1211 post illum intraret ⁊ pignora tollerit aut male illi
405 1190 894 1244 fecit qomo pectet ad senior de Moreira D sl ⁊ duplet
405 1224 898 1269 illa pignora aut illos liuores. Et qi homines de Morei
406 1249 898 1297 ra pignorauint ⁊ ĩ ꝯcilio nõ pecierit directo qomo pc
407 1280 894 1324 tet a senior de Moreira LX sl ⁊ duplet illa pigno
406 1306 904 1349 ra a suo dono. Et homines de alias tras qi caualeiro
407 1337 894 1376 de Moreira descaualgar qomo illi pectent LX sl . Et
408 1359 917 1409 homines de Moreira qui los psiere ⁊ ĩ psion illos mi
407 1392 900 1433 serit, qomo pectet illi CCC sl . Et si homines de Morei
409 1415 905 1463 ra pndidint alios homines de alias tras ⁊ ĩ pisiõ illos
403 1445 894 1490 miserĩt , qomo pectent illi V sl . Et si homines de
411 1474 888 1519 Moreira p qlibet fiaduria a medio anno illi nõ reqi
411 1501 911 1538 sierit qe sedeat solto. ⁊ si migtum fuit sint filii ⁊ uxor
411 1527 906 1570 sua libi . Et nõ soluant homines de Moreira pignora
412 1554 905 1597 p senior nec p mino nisi p suo uicino. Et nõ donẽt
411 1584 894 1627 pausada p foro de Moreira ĩ casa de caualeiro nc de
413 1612 906 1657 uibdas nec de clicis ni p manu de iudice ĩ casa de
413 1644 909 1686 peones. Et homines de Moreira qi homines tenuĩt
414 1668 906 1718 ĩ suas heditates aut ĩ suos solares ⁊ nõ fuit ibi suo
416 1699 903 1750 senior ueniat a sinal de iudice ⁊ de fiador a ueni
928 161 1433 220 da de suo senior ⁊ faciat qd mandarẽt . ⁊ calumpnia qli
934 196 1436 240 bet fecit sedeat de suo senior et VII ad palacium. ⁊ nõ
935 223 1438 269 suiat a nullo hoie ni ad suo senior in cꝰ solier. Et sua
930 260 1440 302 senara aut suas uineas del rei tal cocto hant qomo de
935 262 1434 333 uicino de Moreira. Et qi uicino occiderit ⁊ ĩ sua casa fu
935 321 1444 365 gierit, qi pꝰ illum ĩtre ⁊ ĩ sua casa lo matare pectet CCC
937 343 1442 385 sl ad parentes del morto. Et qi mulier aforciauit ⁊ illa
938 367 1430 414 uoces mittendo uenit ⁊ ille cum XII nõ potuit se sal
937 396 1440 444 uare pectet CCC sl a la mulier et a suos parẽtes . ⁊ qui
937 425 1445 472 mulier aliena ferire pectet ad suo marito XXX sl ⁊ VII.ᵃ
938 453 1435 499 ad palaciũ . Et homines de Moreira qi fiadores parar p q
938 483 1444 527 calumpnia ille pecierĩt , ⁊ el fiador outorgar cum duos
939 507 1440 556 uicinos ⁊ ille n qsierit collige fiador ⁊ sup ipm occidit
942 539 1437 587 nos toto ꝯcilio pctabimus ipm homicidium. Et pa
942 571 1442 611 lacio regis ul de epo hant calumpnia ⁊ ĩ tota alia
941 596 1440 641 uilla hat uno foro ⁊ alio palacio nõ hat calũpnia . Et
941 625 1448 665 homines de Moreira qi fiador intrar ⁊ ꝯtentor nõ habu
942 648 1452 694 erit qle fiadura fiar tale pectet. Et si ꝯtentor habuit
942 675 1442 725 mittat illum ĩ manꝰ ⁊ exeat de illa fiaduria. Et de suspc
943 702 1452 752 ta de X sl ad arriba ⁊ cognominet XII uicinos ĩ redor
943 737 1447 781 sua casa ⁊ iuret cum los duos ⁊ exeat de la calumpnia.
943 759 1452 802 Et de X sl a iuso iure siue ⁊ otro qles aflar q uicinos
946 791 1453 834 sedeant. Et toto homine de Moreira qi se tornar ad ali
946 815 1455 860 um seniore qi bnfecit suas casas ⁊ suas heditates ⁊ uxor
946 841 1452 888 sua ⁊ filii sui sint libi ⁊ soluti p foro de Moreira. Et dono
947 874 1451 917 ub foro q nõ habeatis alium seniore ni ad regẽ aut suo fi
946 904 1452 938 lio aut qi uos ꝯcilio qsieritis . Et toto homine de Moreira
947 929 1450 970 qi deseredado fuit ⁊ p sua manu nõ lo pectare qomo se tor
948 950 1445 999 ne ad sua heditate ui illa fuit sine nulla calũpnia . Et
948 981 1445 1023 toto homine de Moreira qi heditatẽ habuit ĩ alia tra
949 1006 1448 1053 nõ faciat fossado ni p foro de Moreira. Et toto homine
949 1037 1446 1087 de Moreira qi habuit mulier ad bndictoem ⁊ laxauit
949 1065 1460 1116 illam, qomo pectet ad iudice I d . Et si mulier ad suũ
949 1098 1453 1146 maritum laxauit qi habuit ad bndictoem , qomo pec
950 1129 1448 1176 tet CCC sl , medios ad palacium ⁊ medios a suo mari
949 1160 1444 1200 to. Et de casa derota cum escudos ⁊ cum lanceas qi la
949 1187 1446 1230 derõpe pectet CCC sl , medios a dono de casa ⁊ medios
949 1212 1450 1262 ad palacio. Et qi dedit ad suo uicino cum spata X sl
952 1244 1447 1289 ⁊ VII.ᵃ ad palacium. Et qi dedit cum lancea ad suo ui
950 1269 1457 1318 cino ⁊ exierit de una pars ad aliam pectet XX sl ⁊ VII.ᵃ
950 1306 1448 1346 ad palacium. ⁊ si nõ exierit pectet X sl ⁊ VII.ᵃ ad pa
952 1329 1450 1375 lacium. Et de plaga unde osso exierit cada osso X sl
949 1359 1445 1395 ⁊ VII.ᵃ ad palacium. Et de alia plaga V sl ⁊ VII.ᵃ ad
949 1386 1457 1427 palacium. Et p tota pignora siue de ꝯcilio ul de pala
952 1414 1457 1450 cio colligat fiador sup illa pignora p a foro. Et dono
953 1436 1453 1477 ub qd nõ hat nulla defesa nc nullo monte nc nullo pela
950 1468 1445 1508 go ni de toto cõcilio . Et illo montadigo de tmino de
953 1492 1446 1532 Moreira montẽ lo caualeiros de Moreira cum suo se
955 1519 1451 1562 nior ⁊ pndant inde la tcia . Et nullo ganado de Morei
954 1548 1448 1591 ra nõ sedeat montado. Et de portatico de pane ⁊ de
954 1576 1460 1620 uino, de la carrega III mealias. ⁊ de caballo ⁊ de mu
954 1602 1455 1649 lo qi lo uendit I sl . ⁊ de boue ⁊ de asino VI d . De car
955 1633 1452 1678 neiro aut de cap aut de porco III mealias. Et de toto
954 1664 1452 1708 portatico qi ad Moreira uenit pndat suo hospite la
952 1697 1451 1754 tercia. Et nẽguno homo de Moreira nõ respondeat sn
