1532 2002
1310 517 1438 592 D Valhelhas
822 572 1383 612 n nne sce ⁊ indiuidue tinitatis patis ⁊ filii ⁊ spt sci amen
818 600 1391 639 uniꝰ sumi Di , facimꝰ istam cartam ĩ ipiꝰ nne tinitatis . Ego rex
817 628 1386 666 Sanciꝰ Port una cũ uxore ma regina Dna Dulcia ⁊ cũ filiis
821 652 1378 695 ⁊ filiabꝰ nris ub homines de Valelias qi ibidem pplatores
823 682 1377 718 estis p mandatũ mm ⁊ d uxore ma ⁊ d filiis ⁊ filiabꝰ meis
817 709 1387 755 siue qi uenĩt ad pplandũ qomo isti qi modo ibi sũt facimꝰ uobis
813 741 1397 780 cartulam sct ⁊ facimꝰ p scipturam ⁊ p pceptũ nrm ut firmit
821 768 1380 809 teneatis. Et habeatis for bonũ sct homines d Salamãca . ⁊ nõ
818 796 1394 833 detis mi neq ad pgoniẽ nram neq ad aliqe hominẽ p homici
819 827 1381 866 dio ni VII.ᵃ ad placium de CCC sl appeciadura p concilium ⁊
822 853 1395 895 p manũ de iudice. Et nllo pecto neq ulla calũpnia nõ ĩtret
819 880 1386 923 ibi nllo meirino ni iudex de concilio. Et faciãt fossadũ la tcia
821 915 1396 950 de los caualeiros ⁊ las duas partes stẽt ĩ Valelias. Et d illa una
822 940 1399 984 parte qi habuĩt a andar in fossadũ ⁊ nõ fuit qomo det ĩ fossadei
819 970 1387 1012 ra V sl in pciadura . Et nõ faciãt fossadum ni cũ nro senior
816 1001 1392 1039 una uice in anno aut sct uolũtas fuit . Et peones nõ faciãt
822 1028 1394 1069 fossadũ nec clerici. ⁊ nõ ĩtret ibi nũciꝰ nec manaria d nllo qoque
822 1055 1389 1102 hoie p for de Valelias. Et qi in tmino de Valelias filiã alienam
821 1086 1377 1131 rousar ext suã uolũptatẽ qomo pectet ad placiũ CCC sl ⁊ nõ
821 1118 1388 1163 exeat homizieiro de suis parentibꝰ . Si qis int uos in mcato aut ĩ
819 1145 1395 1192 ecclia ul in concilio pecato a pegõ firidam fecit ad suũ uicinũ
822 1180 1396 1215 pectet LX sl ad cõciliũ ⁊ VII.ᵃ ad pallaciũ p manũ de iudice.
817 1205 1394 1245 Et de furto qlibet sedeat colligat suo dõno suũ cabdal ⁊ d illa
818 1234 1390 1276 calũpnia diuidat p mdium cũ iudice. Et qi domũ edificauit
817 1267 1385 1303 aut uineas aut suã heditatem honorauit ⁊ uno anno in illa
818 1286 1395 1334 sedit ⁊ postea ad aliã tram fuit qomo seruiat illi tota sua heditas
817 1316 1393 1361 ubi abitator fuit . Et si qesierit illas uẽde uẽdat ad qe uoluerit
818 1350 1395 1384 p for de Valelias. Et hoies d Valelias qi habuĩt iudiciũ siue iu
818 1372 1394 1414 ramento qomo in iudicio ⁊ passẽt sup illos cũ duobꝰ iuratoribus.
818 1400 1392 1448 Et illos peones de Valelias qd passẽt sup illos caualeiros uila
818 1432 1392 1472 nos de totas alias tras in iudicio ⁊ in iuramẽto cũ duobꝰ iurato
819 1460 1380 1501 ribꝰ . Et hoies qi de suis tris exĩt cũ homicidio aut cũ muliere
818 1489 1385 1532 rausadã aut cũ alia calupnia qelibet sedeat ni qd nõ aducat
818 1520 1398 1558 mulierẽ alienam d benedicionem ⁊ tornet se a seniorẽ d Valelias
818 1551 1379 1582 ⁊ sedeat solto ⁊ defeso p for de Valelias. Et si qis hoies d qcũq
818 1573 1390 1616 tra cũ inimicitate aut cũ pignore uenit ⁊ ĩ tmino de Valelias
816 1601 1388 1644 intuit ⁊ nullꝰ inimicꝰ post illũ uenit ⁊ pignora tollit aut
817 1636 1358 1680 male illi fecit qomo pectet a seniorem de Valelias
