1532 2002
159 71 713 125 pectet D sl ⁊ duplet illa pignora aut illos liuores. Et qi
156 112 709 150 hoies de Valelias descaualgar pectet illi LX sl . Et hoies
157 134 728 175 de Valelias qi los psier ⁊ in psiõ illos misit qomo pectet illi CCC
156 163 725 210 sl . Et hoines de Valelias si prendĩt alios hoies d aliis tris ⁊ ĩ
161 199 723 238 pision illos misit qomo pectet illi V sl . Et si hoies de Valelias
161 226 729 262 qlibet fiadoriam a medio anno nõ reqisit qd sedeat solto. ⁊ si
160 251 715 292 migtꝰ fuit fuit sĩt filii et uxor sua liberi. Et nõ soluãt hoies
159 280 714 321 de Valelias pignora p seniore nec p meirino ni p suo ui
157 315 700 347 cino. Et dnõ pausadam p for de Valelias ĩ casa
163 334 716 373 de caualeiro nc de uiduis nc de clicis ni p manũ de iudice
157 362 730 404 in casa de peones. Et hoies de Valelias qi hoines tenuĩt ĩ
157 391 729 430 suis heditatibꝰ aut in suis solares ⁊ nõ fuit ibi suꝰ senior
156 420 722 460 ueniat ad sinal de iudice ⁊ det fiador ad uenidã de suo
155 447 720 489 senior et faciat qd mãdauit ⁊ calũpniã qlibet fecit
155 476 729 518 sit de suo senior ⁊ det septimã ad placiũ . ⁊ nõ seruiat
155 504 717 542 a nullo senior hoine ni ad suo senior ĩ cuiꝰ solar sedit . ⁊
156 537 719 571 sua senara aut suas uineas del rei tal couto habeãt qomo
157 560 719 598 de uicino d Valelias. Et qi uicinũ occidit ⁊ ĩ suã casam
156 585 717 630 fugit qi post illum intuit ⁊ in sua casa illũ mactauit
153 618 716 661 pectet CCC sl ad parentes de mortuo. Et qi mulierem
155 643 710 687 aforciauit ⁊ illa uoces mittendo uenit ⁊ ille cũ XII
155 677 719 706 nõ potuit se saluare pectet CCC sl ad mulierem ⁊ ad
154 697 724 739 suos parentes. Et qi mulierẽ alienã feriuit peite a suũ
154 721 718 768 maritũ XXX sl ⁊ VII.ᵃ ad placiũ . Et hoies de Valelias
154 748 733 796 qi fiador parar p q calũpnia illũ pecierit ⁊ el fiador ou
153 779 719 823 torgar cũ duobꝰ uicinis ⁊ ille nõ qesit collige fiador ⁊ sup
150 807 727 848 ipm occidit nos totum conciliũ pctabimꝰ ipm homicidiũ .
150 831 723 879 Et placiũ regis aut de epo habeãt calũpniã ⁊ tota alia
151 860 720 910 uilla habeat unũ forũ ⁊ aliud placiũ nõ habeat calũp
147 889 722 936 niã . Et homo de Valelias qi fiador intrar ⁊ cõtemtorem
146 916 728 965 nõ habut qlem fiadoriã fiar talẽ pectet. Et si cõtentorẽ
147 947 722 998 habuĩt mittat illũ in manꝰ et exeat d fiadoria. Et de sus
146 983 714 1025 pecta d X sl ad ribam, cognominet XII uicinos in
145 1005 715 1046 redor sua casa ⁊ iuret cũ duobꝰ et exat de calũpnia ⁊
144 1033 722 1082 de X sl ad iuso iuret siue ⁊ outo qles alfar qd uicinos
143 1062 732 1114 sedeãt . Et totos homines d Valelias qi heditatẽ habuĩt
144 1093 726 1140 se tornauit ad aliũ seniorẽ qi ei bnfecit sue cause ⁊ sue
144 1123 723 1172 heditas ⁊ uxor sua ⁊ filii sui sĩt liberi ⁊ soluti p for d Va
144 1153 716 1202 lelias. Et toto hoie de Valelias qi deserdado fuit ⁊ p suã
144 1182 716 1224 manũ illd nõ pectauit qomo se tornet ad suã heditatẽ ui
143 1208 716 1261 illa fuit sine calũpnia . Et toto hoie d Valelias qi hedita
143 1240 724 1284 tẽ habuit in alia tra nõ faciãt fosadũ ni p for d Valelias.
142 1270 722 1311 Et toto hoie d Valelias qi habuit mulierẽ ad benedictiom
145 1294 710 1331 ⁊ laxauit illã qomo pectet ad iudicem I d . Et si mulier
140 1321 719 1369 suũ maritũ laxauit qe habuit ad bnedictoem qomo pectet
139 1351 722 1395 CCC sl medios ad placiũ ⁊ medios ad suũ maritũ . Et de
141 1379 724 1425 casa derota cũ scutos ⁊ cũ lanceas qi illã disrũperit pec
141 1410 718 1449 tet CCC sl mdios ad dnm de casa ⁊ mdios ad placium .
140 1436 716 1482 Et qi dedit ad uicinum suũ cũ speda pectet X sl ⁊ VII.ᵃ
141 1464 720 1508 ad placium . Et qi dedit cũ lancea ad suũ uicinum ⁊ ex
139 1493 713 1537 ierit d una partem ad aliam pectet XX sl ⁊ VII.ᵃ ad
143 1521 715 1567 placiũ . Et si nõ exit pectet X sl ⁊ VII.ᵃ ad placio . ⁊ d
140 1549 717 1593 plaga und os exit cada os X sl ⁊ septimã ad placiũ .
138 1571 717 1629 ⁊ d alia plaga V sl ⁊ septimã ad placiũ . Et p tota pi
137 1608 707 1652 gnora siue d concilio ul de palacio colligat fiador
140 1634 735 1746 sup illa pignora p ad forum. Et do ub ut nõ habeat
753 76 1328 123 nlla deuesa nec nllo monte nc nllo plago nisi de toto concilio.
752 114 1331 153 Et illd montadigum d tmino de Valelias mõtẽ lo caualeiros d
749 143 1330 180 Valelias cũ suo seniore ⁊ pndãt ĩde tciam . ⁊ nllm ganadũ de
747 166 1335 215 Valelias nõ sit montado. Et de portadigo de pane ⁊ de uino, d
749 200 1333 246 carrega III mdlias . ⁊ de caualo et de mulo qi lo uẽder I sl . Et
752 232 1337 271 de boue et de asino VI d . De carneiro ⁊ de cap ⁊ de porco III
750 251 1370 300 mdlias . De portadigo qi ad Valelias uenit pndat suꝰ ospes tciã .
747 280 1340 328 Facta k mense Iulio sub e M.ᵃ CC.ᵃ XX.ᵃ VI.ᵃ, regnãte
750 310 1318 360 rege Dõno S. . Capta tra Ihrlm a rege Salaadim ⁊ ipo
745 343 1311 388 anno mortuꝰ rex F. . Mds psbit notau . Ego S. Di gra
745 365 1326 417 Port rex qi mgro Dõno Gomecio ⁊ fratibꝰ eiꝰ d Valelias iure
749 398 1325 438 heditario ĩ ppetuũ possidendã dedi ub populatoribꝰ de
752 425 1337 463 Valelias hãc cartã una cũ uxore ma ⁊ filiis ⁊ filiabꝰ mis
748 451 1341 497 roboro ⁊ cõfirmo . Et hoies de Valelias qi habuĩt iudiciũ
746 479 1339 528 ul adiuntã cũ hoibꝰ de aliis tris habeãt illos ĩ cabo de suis
748 509 1337 557 tminis . Et do ub forum qd stet caualeiro de Valelias p
746 539 1345 583 infanzon de totis aliis tris siue in iuramento qomo ĩ iudi
745 565 1340 613 cio ⁊ passẽt super illos cũ duobꝰ iuratoribꝰ . Et ego mgr Dõnꝰ
742 595 1338 642 G. una cũ fratibꝰ mis hãc cartam robo ⁊ cõfirmo in die
745 621 1340 674 sce Marie de Agusto. Occhauas ⁊ acouges ⁊ almudes almo
746 652 1330 695 nedarẽt senp . Ego Alfonsus Di gra Port rex una cum
746 681 1345 721 uxore ma regina Dna Vrraca ⁊ filiis nris infantibꝰ Dõno
746 704 1346 747 Sancio ⁊ Dõno Al ⁊ Dõna Alionor cõcedo ⁊ cõfirmino ub
746 728 1358 776 populatoribꝰ de Valelias istã cartam ⁊ istud for qd ub dedit
742 761 1341 806 pat ms rex Dõnꝰ Sanciꝰ . Et ut hoc mm factũ in ppetuũ
747 784 1340 834 firmũ robur optineat pcepi fi istam mam cartam ⁊ eã
744 813 1330 860 feci mo sigillo plumbeo ꝯmuniri . Facta fuit hec cartam
745 840 1343 890 mẽse Octobis sub e M.ᵃ CC.ᵃ L.ᵃ V.ᵃ. Nos sup nnati qi hãc
740 871 1338 915 cartam fi pcepimꝰ corã subsciptis eã robauimꝰ ⁊ ĩ ea h signa
744 895 1333 942 fecimus +++++. Qi affuerũt : Dõnꝰ S. Bcarensi ar
743 925 1346 976 chieps ꝯf . Dõnꝰ M. Port eps ꝯf . Dõnꝰ P. Colinbien epc ꝯf .
743 956 1338 1006 Dõnꝰ S. Vlixbon epc ꝯf . Dõnꝰ S. Elboren epc ꝯf . Dõnꝰ P.
744 987 1350 1034 Lamecen epc ꝯf . Dõnꝰ B. Visen epc ꝯf . Dõnꝰ M. Egitanien
744 1014 1347 1058 epc ꝯf . Dõnꝰ M. Io signif dni regis ꝯf . Dõnꝰ P. Io maior
744 1042 1346 1089 domꝰ curie ꝯf . Dõnꝰ L. Suarii ꝯf . Dõnꝰ Io Fnãdi ꝯf . Dõnꝰ
740 1071 1346 1114 F. Fnãdi ꝯf . Dõnꝰ Go Suarii ꝯf . Dõnꝰ Gil Valasqiz ꝯf . Dõnꝰ
743 1102 1342 1148 Rodicꝰ Mdi ꝯf . Dõnꝰ Po Alfonsi ꝯf . Dõnꝰ Lo Alfonsi ꝯf .
745 1133 1355 1181 Mgr Plagiꝰ cantor Port ts . Petrꝰ Garsie ts . Vicenciꝰ Mdi
744 1166 1216 1210 ts . Mar Peti ts . Petrꝰ Peti ts . Ioanninꝰ ts .
