1570 2026
383 32 522 72 Contrasta
189 57 752 126 In nne patis ⁊ filii ⁊ spu sci amẽ . H est carta de foro q iussi
196 96 760 153 fieri ego Alfonsus Di gra Port rex una c uxore mea regina
189 123 760 180 Donna Vrraca, ⁊ filiis mis infantibꝰ Donno Sancio ⁊ Donno Al
189 153 758 217 fonso ⁊ Donna Alionor. Vb pplatoribꝰ de Contrasta tam psẽtibꝰ
192 183 762 240 quam futis . In pimis ꝯcedimꝰ ub ut nõ detis p homicidio ni CCC
189 216 761 269 sldos ĩ apciadura ⁊ de illis trecẽtis solidis detis ind septimã ad
190 239 760 302 palaciũ ⁊ p manũ iudicis. ⁊ ĩ aliqo pecto uel ĩ aliq calũnia nõ
185 266 765 322 intret ms merinꝰ nisi iudex de uro cõcilio . Et tcia pars de uro cõ
186 297 770 352 cilio faciat fosadum ⁊ alie due partes stẽt ĩ ura uilla. Et de illa
187 322 770 378 tcia qi debuerit face fossadũ ille qi ibi nõ fuit pctet p fossadeira V
193 356 766 408 sl ĩ apciadura . ⁊ nõ faciatis fossadũ ni cum dno uro una uice ĩ
197 382 771 437 anno, ni fuit p beneplacitũ urm . ⁊ cleri ⁊ pedones nõ faciãt fos
187 413 770 465 satũ . ⁊ nõ ĩtret ibi nũcium neq manaria de aliqo hoie d Cõtrasta .
190 444 774 487 ⁊ qi ĩ termino d Contrasta filiã alienam rapuit ꝯ suã uolũtatẽ , pec
197 469 774 518 tet ad palaciũ CCC sl , ⁊ exeat p homicida. Et si aliqis ĩt uos in mcat
196 494 775 547 aut ĩ ecc aut ĩ ꝯcilio apgonato pcussit suũ uicinũ , pctet LX sl ad
206 528 772 577 conciliũ , ⁊ sit ind de palacio, p manũ iudicis. Et de qolib furto, dns
209 555 770 602 furti recipiat suũ cabum, ⁊ alias VIII partes diuidat p mediũ c iu
189 582 772 634 dice. ⁊ ille qi domũ fecit aut uineã aut heditatem suam honoraue
189 611 774 658 rit, ⁊ unũ annũ sedit ĩ illa, si pꝰtea ĩ alia tra habitare uoluit , suiat
190 634 772 688 ei sua heditas , ubicq habitauit . Et si uoluerit illas uẽde , uẽdat
189 665 770 709 cui uoluit p forũ d ura uilla. ⁊ homies d Cõtrasta qi debuĩt habe
189 693 770 737 iudiciũ aut uindictã cũ hoibꝰ d aliis tris , habeãt illd ĩ capite tmi
194 715 772 766 nor suor . Damꝰ ub p foro q miles d Contsta stet p ĩfantoe de toto
194 744 775 790 mo regno ĩ iudicio ⁊ ĩ iuramẽto ⁊ uincat c duobꝰ iuratoribꝰ . Et pedes
190 768 774 817 d Contsta stet p milite uillano, ĩ iudicio ⁊ ĩ iuramẽto , de totis mis
194 796 777 847 tris , ⁊ uĩcat c duobꝰ iuratoribꝰ . ⁊ hoies qi de suis tris exierĩt c homi
190 828 775 874 cidio aut c muliere rausadam uel cũ alia qlibet calũnia , excepto q
192 855 777 901 nõ ducat mulierẽ alienã d bnoibꝰ , ⁊ fecit se uassalũ d hoie d Con
192 884 780 935 tsta , sit lib ⁊ defensꝰ p for d Contsta . ⁊ si ho d alia ql tra uenit c inimi
196 918 775 964 cicia aut cũ pigora , pꝰq ĩ tmino d Contsta ĩtuerit si inimicꝰ eiꝰ pꝰ ipm
202 937 782 987 intoieret ⁊ ei pignꝰ abstulit aut aliq malũ ei fecit , pctet dno qi tenu
212 967 777 1018 erit Contstã D sl , ⁊ duplet pignꝰ ei cui abstulit ⁊ liuores qos fecit .
196 1001 774 1043 ⁊ qi hoem d Cõtsta pignorauit ⁊ ãtea ante n pecierit directũ ĩ ꝯcilio
201 1026 777 1077 uro , pctet ad palaciũ LX sl , ⁊ duplet pignora illi cui accepit . Et ho
196 1053 780 1102 d alia tra qi militẽ d Cõtsta descaualgar pectet LX sl . ⁊ homo de Cõ
196 1087 782 1132 tsta qi militẽ d alia tra dscaualgar , pectet V sl . Et si ho de alia tra
197 1110 785 1161 aphẽdit hoiem d Cõtsta ⁊ eũ ĩ pisione miserit, pctet CCC sl . Et si ho
197 1137 785 1186 d Contsta aphẽdit hoiem d alia tra , pctet V sl . Et si homo d Con
197 1171 782 1217 tsta p aliq fiadoria p mediũ ãnũ nõ fuit reqisitꝰ , sit lib de illa.
197 1202 789 1251 Et si mortuꝰ fuit , mulier ⁊ filii eiꝰ sĩt libi d illa. Et hoies d Cõtsta nõ sol
201 1230 792 1273 uãt pignora p dno d Cõstat , neq p merino neq sĩt pignorati p suo ui
201 1259 790 1298 cino. Et milites d Cõtsta neq mulieres uidue n dẽt pausatã p fo
201 1283 790 1328 rũ d Cõtsta nisi pedones p manũ d iudice us ad tciũ diẽ . Et hoies
202 1306 789 1354 de uris terminis ul de aliis tris qi sedĩt ĩ uras heditates aut ĩ
204 1338 795 1386 uras solares, ⁊ dni eor n fuĩt ibi, ueniãt ad sign d iudice, ⁊ dẽt
206 1364 787 1416 fideiꝰsores q respondeãt ad directũ qn uenint dni sui. ⁊ si fe
206 1392 792 1445 cerĩt calũpniã pectent illã dnis suis ⁊ septimã ad palaciũ . Et
207 1421 795 1473 n seruiãt ad alium hoiem ni ad dnos suos ĩ quor solare sederĩt .
209 1455 790 1500 Et senara ⁊ uinee dni regis habeãt tale for qle senare et
210 1485 807 1526 uinee ure habuerĩt . ⁊ qi uicinũ suũ occidit ⁊ ĩ domo sua fuge
210 1514 797 1562 rit qi pꝰ illũ ĩtuerit ⁊ ibi eũ mactauerit, pectet CCC sl . Et qui
212 1540 796 1584 mulierẽ aforciauit ⁊ ipa uoces mittẽdo uenit , si ipe c XII non
213 1569 799 1618 potuerit se saluare pectet CCC sl . Et qi mulierẽ alienã pcꝰserit
212 1595 795 1642 pectet ad suũ maritũ XXX sl ⁊ sept ad palaciũ . Et homo d Cõ
212 1625 795 1669 tsta qi fideiꝰsores dare uoluerit p ĩtentõe d q eũ ĩquietauit ⁊ dede
214 1656 792 1698 rit duos hoies fideiꝰsores , ⁊ ipe terciꝰ , si ille qi eũ ĩquietauit nõ uolu
211 1676 802 1737 erit recipe fideiꝰsores ⁊ eum postea mactauit , totũ ꝯcilium pectet
774 40 1348 102 homicidiũ suis parentibꝰ . ⁊ placiũ dni regis et placiũ epi ha
774 89 897 133 beãt calũniã
