1677 2226
831 620 1250 675 Hec est forum atque costume de Pinel
829 660 1298 703 n nne sancte ⁊ indiuidue tinitatis patris ⁊ fi
826 688 1303 730 lii ⁊ spu s. , amẽ . Ego rex Sanciꝰ inclite memo
826 723 1281 759 ria regis Alfonsi filius una pariter cum filio
826 742 1292 785 mo rege Alfonso ⁊ aliis filiis ⁊ filiabꝰ ub ppla
818 771 1296 816 torib de Pinel facimus cartam ⁊ ꝯcedimus . Da
793 797 1283 838 mus ub forum ⁊ custume de Elbora tam psentibus
792 828 1282 870 quam futuris ut duas partes de caualeiros uadãt
793 854 1281 892 in fossado, ⁊ tercia pars remaneat in Pinel, ⁊ una
791 879 1286 926 uice faciant fossado in anno. Et qui nõ fuint a fo
790 912 1289 953 ssado, pectet p foro V d p fossadeira. ⁊ p homicidio
791 938 1281 978 pectet C sl a palacio. ⁊ p casa derrota cum armas
790 969 1292 1007 scutos ⁊ spatas pectet CCC sl ⁊ VII.ᵃ a palacio. Et
789 991 1278 1033 qui furtaret pectet p uno nouẽ , ⁊ hat intentor
790 1020 1272 1063 II.ᵒˢ quiniones ⁊ septem partes a palacio. Et qui
790 1049 1263 1088 mulier aforciaret ⁊ illa clamando dixit q ab
789 1079 1272 1119 illo e aforciata, ⁊ ille negaret, det illa autorga
789 1108 1276 1145 mẽto de tres tales qualis ille fuit ⁊ ille iuret
787 1131 1278 1181 cum XII.ⁱᵐ. Et si nõ habuit outorgamto , iuret
791 1162 1286 1205 ipe solus ⁊ si nõ potuit iurare, pectet ad illã CCC sl
789 1197 1292 1236 ⁊ septima a palacio. Et testimonia mentirosa ⁊ fi
787 1220 1291 1262 dele mtiroso pectet LX sl ⁊ septima a palacio ⁊ du
789 1251 1282 1294 plet el auer. ⁊ qui in ꝯcilio aut in mercado ul in ecc
789 1277 1289 1323 feriret, pectet LX sl , medios a palacio ⁊ mdios a ꝯci
785 1307 1292 1351 lio . Et de medio de ꝯcilio , septima a palacio. Et ho
786 1335 1273 1373 mine qui fuit gentile aut hedoro nõ seat merino.
785 1365 1278 1403 Et qui in uilla pignos afflando ⁊ fiador ⁊ ad montem
786 1391 1280 1424 fuit pendrar, duplet la pendra ⁊ pectet LX sl ⁊ septim
781 1418 1281 1454 a palacio. Et qui nõ fuit a sinal de iudice ⁊ pignos
781 1443 1278 1479 sacudiret ad saiõ , pectet I sl ad iudex. Et qui non
785 1466 1277 1511 fuit ad apelido caualeiros ⁊ pedones, exceptis his qui
782 1495 1281 1537 sunt in seruicio alieno, miles pectet X sl , ⁊ pedon
787 1521 1280 1565 V sl ad uicinos. Et qui habuit aldeiam ⁊ uno iugo
786 1548 1268 1591 de boues ⁊ XL oues ⁊ uno asino ⁊ II.ᵒˢ lectos ꝯparet
784 1577 1286 1617 caualo. Et qui crebantauit sinal cum sua muliere,
785 1610 1287 1650 pectet I sl . Et mulier que leixauit maritum su
782 1639 1278 1674 um de bndicoe pectet CCC sl , ⁊ septima a palacio.
780 1664 1281 1707 Et qui leixauit mulierẽ suã pectet I d ad iudicẽ .
779 1691 1281 1732 Et qui cauallo alieno caualgaret, p uno die pectet
781 1722 1266 1763 I carnarium ⁊ si magis pectet las amgueiras
777 1752 1282 1806 p uno die VI d ⁊ p una nocte I sl . Et qi feriret
