1676 2226
424 192 906 236 de lancea aut de spada pola entrada pectet X sl ,
418 226 905 265 ⁊ si trociret ad altam partẽ pectet XX sl ad quere
423 253 905 301 loso. Et qui quebrantauit oclm aut brachium
423 285 909 326 aut dentẽ , p unoqoue mbro pectet C sl a lisado,
420 314 909 354 ⁊ ille det septimã ad palacium. Qi mulierẽ alie
418 342 905 382 nam ante suo marido feriret, pectet XXX sl ⁊
420 367 923 409 septima a palacio. Qi moiõ alieno in suo ero mu
418 395 900 441 daret, pectet V sl ⁊ VII.ᵃ a palacio. Qi limde
418 420 901 467 alieno quebrantauit , pectet V sl ⁊ septima a
421 450 915 490 palacio. Qi ꝯducterio alieno mataret, suo amo co
424 481 914 524 lligat homicidiũ , ⁊ det septima a palacio. Similr
423 511 910 555 de suo ortelano ⁊ de quiteiro ⁊ de suo molleiro ⁊ d
421 537 912 582 suo solarengo. Qi habuit uasalos in suo solar
424 567 906 615 aut in sua heditate nõ suiant ad alto homine ni
421 592 906 638 a domino d solar de tota sua facienda. Tendas ⁊
420 620 897 667 molinos ⁊ fornos de homines de Pnel sint liberi
419 649 905 697 de foro. Milites de Pinel sint in iudicio p podesta
419 685 900 724 des ⁊ infancones de Portugal. Clerici uo hant for
420 712 921 750 militum. Pedones sint in iudicio p caualeiros uila
421 737 900 777 lanos de alta tra . Qi uenit uozeiro ad suo uicino
420 769 921 802 p homine de foras uilla pectet X sl ⁊ septima a pa
419 792 917 828 lacio. Ganado de Piel nõ sit montado in nulla tra .
418 812 910 860 Et homine qui se anafragaret suo adextrado, q
419 847 901 886 uis hat alium, sedeat excusato usq ad capud
419 874 909 917 anni. Mancebo qui mactaret hominẽ foras
415 902 907 943 uille ⁊ fugit , suo amo nõ pectet homcidium .
413 928 902 967 P totas querelas de palacio, iudice sedeat uo
415 957 907 997 zeiro. Qi in uilla pindrar cum saioe ⁊ sacudi
419 989 909 1026 ret ei pignos outorget saiõ ⁊ pndat ꝯcilio de
418 1010 904 1053 tres collaciones ⁊ pindret p LX.ᵃ sl , mdios ad
413 1038 912 1079 ꝯcilio ⁊ mdios ad ramcuroso. Barones de Pi
418 1068 915 1111 nel nõ seam in pstamo dados. Et si homines de
418 1104 910 1135 Pinel habuint iudicium cum homines de ala
419 1125 915 1171 tra nõ currat inter illos firma s currat psqisam ,
419 1157 901 1200 aut recto. Et homines qui quesierint pousar
420 1184 905 1224 cum suo ganato in terminos de Pinel, pndant de
420 1218 910 1256 illis montadigo, de grege das oues IIII carnei
419 1242 907 1283 ros, ⁊ de busto das uacas, I uaca. Isto montadigo
419 1273 906 1310 est de ꝯcilio . ⁊ omnes milites qui fuint ĩ fossa
416 1297 905 1340 do l in gdia . Omnes caualos qui se perdidint ĩ
418 1325 911 1368 algara l in lide, pimus erectis eos sine qinta , ⁊ pꝰea
419 1360 912 1393 detis nb quintam directam. Et toto homine de
418 1380 910 1422 Pinel qui inuenit homines de aliis ciuitatibus
416 1408 911 1446 in suis terminis taliando aut leuando madeiram
419 1435 907 1467 de montes pndant totam q inuenit eis sine
418 1460 911 1501 calumpnia. De azarias ⁊ de guardias qintam pr
418 1488 902 1527 tem nb date sine ulla offrecioe . Qicumq ganatũ
416 1513 916 1555 domesticum pignorare ul rape fecit , pectet LX.ᵃ
419 1542 914 1582 sl ad placium , ⁊ duplet ganatũ a domino suo.
415 1571 914 1613 Testamus uo ⁊ perhenniter firmamꝰ ut qicumq
415 1605 914 1642 pignorauit mercatores ul uiatores xpianos ,
419 1629 916 1670 iudeos siue mauros, ni fuit fideiussor ul debi
415 1657 917 1700 tor, quicunq fecit pectet LX sl a palacio ⁊
416 1685 909 1721 duplet ganatum q prendit a suo dno , ⁊ insuper
419 1712 915 1747 pectet C mr p cauto q fregit. Rex ant me
419 1739 917 1796 dietatẽ ⁊ ꝯcilium medietatem. Si quis ad nram
969 197 1468 242 uillam uenit p uim cibos aut aliq res accipe ⁊ ii mo
966 226 1470 278 rtuus ul pcussos fuit , nõ pectet p eo aliq calũpnia
963 262 1454 305 nec suor parentũ homicide hatur . Et si cum q
964 293 1459 332 rimonia de ipo ad regẽ ul ad dnm tre uenit , pett
964 322 1465 361 C mr , medietatẽ regi ⁊ medietatẽ ꝯcilio . Man
966 349 1465 389 damus ⁊ ꝯcedimus q si aliquis fuit latro, ⁊ iam per
963 378 1465 416 unũ annũ furari dimisit l rapere si p aliq re re
966 404 1466 440 petitus fuit qm ꝯmisit saluet se tamquã latro.
964 426 1471 468 ⁊ si latro est ⁊ latro fuit, omnino peat ⁊ subsubeat
967 458 1465 500 penã latronis. Et si aliquis repetitur p furto ⁊ nõ e
966 489 1463 534 latro neq fuit, respondeat ad suos foros. Si aliqis
966 518 1469 555 homo filiam alienam rapuit ex suam uolunta
964 545 1466 583 tẽ , donet eam ad suos parentes ⁊ pectet illis CCC
966 577 1474 614 mr ⁊ septima ad palacio, ⁊ insuper sedeat homicida.
979 603 1463 643 De portagine foro de trosel de caualo de panos
963 631 1465 672 de lana ul de lino, I sl . De trosel de lana, I sl . De
961 657 1459 701 trosel de fustanes, V sl . De trosel de panos de
961 687 1464 723 color, V sl . De carrega de pescado, I sl . De carre
957 713 1464 756 ga d'asno, VI d . De carrega de xpianos de coni
961 742 1462 780 liis, V sl . De carrega de mauros de conelios, I
962 769 1458 805 mr . Portagẽ de caualo quẽ uendint in azougue,
961 793 1470 834 I sl . De mulo, I sl . De asino, V d . De boue, VI d .
962 819 1476 863 De carneiro, III mll . De porco, II d . De forõ , II d .
963 850 1486 889 De carrega de pane ⁊ de uino, III ml . De carrega
961 874 1462 920 de peõ , I d . De mauro quẽ uendint in mcato ,
963 910 1464 943 I sl . De mauro qi se rẽdit , decimã . De mauro q ta
961 934 1474 970 lia cũ suo dno decimã . De corio de uaca ⁊ de zeura,
963 963 1464 997 II d . De corio de cuo ⁊ de gamo, III ml . De car
964 993 1463 1027 rega de cera, V sl . De carrega de azeite, V sl .
963 1016 1464 1056 Ista portagẽ est de homines foras uille, tcia de suo
961 1048 1470 1089 hospite ⁊ duas partes de rege. Ego rex Sancius
962 1075 1471 1114 una cum filio mo rege Alfonso hanc cartam ro
963 1106 1466 1150 boramus ⁊ ꝯfirmamus . Qisquis ant hanc car
962 1138 1476 1177 tam irrumpere uoluit sit maledictus ⁊ excõmu
959 1161 1464 1202 nicatus , amẽ . Facta carta mẽse Octubis sub e
959 1185 1473 1229 M.ᵃ L.ᵃ VII.ᵃ . Isti sunt custumes q rex Dõnus Alfõ
959 1216 1464 1261 sus dedit pplatoribꝰ de Elbora p bnfactoria , ⁊ Dõnꝰ
955 1244 1455 1291 Sancius rex ꝯcessit illos cum filio suo re
963 1276 1458 1317 ge Dõno Alfonso ⁊ filiis ⁊ filiabꝰ suis ad populato
968 1309 1457 1345 ribꝰ de Pinel uidelic . Vt uicini de Pinel nõ fa
963 1335 1466 1370 ciãt in murum nc in castellum nõ dent pedidã
962 1360 1466 1399 nec collectam ad regẽ nec dent portaginẽ per
962 1383 1465 1427 totum Portugal. ⁊ oms uicini d Pinel hant unũ
964 1412 1464 1449 for . ⁊ illas benefactorias ꝯcessit Dõnus rex Sãciꝰ
959 1435 1469 1476 cum filio suo rege Dõno Alfonso ⁊ filiis ⁊ filiabꝰ
961 1465 1462 1506 mis ad totos uicinos de Pinel in scla seculor , am .
962 1493 1469 1527 Nec uadant ad uellam de castello. Isti sunt tminis
962 1519 1462 1555 quos Dõnus rex Sancius dedit pplatoribꝰ de Pi
961 1545 1462 1586 nel ⁊ Dõnus rex Alfonsus ꝯcessit eis. In pimo ĩ
966 1569 1468 1610 cepit ui intt in Mozoeima in Colam ⁊ in qomo di
957 1591 1475 1637 uidit tminũ de Moreira p Solual cum Dno re
959 1624 1464 1676 ge ⁊ in qomo diuidit per logiam de fundo de Gar
961 1657 1464 1701 sia Moniz per culmẽ de porto de Huis Tenibꝰ , ⁊
963 1683 1459 1725 in qomo uadit ad Pontẽ Petrinam ⁊ in uadit
958 1710 1460 1757 uadit ad expeditida de Auelanas, ⁊ in ad atala
955 1739 1468 1804 iam de Tramaz, ⁊ inde uadat ad atalaiã d Algu
