1677 2226
260 202 766 260 mir, ⁊ in ad Germaelos, ⁊ in ad capud de Castinei
262 246 758 293 ra, ⁊ in ad fontanũ de Castellis, ⁊ in ad portam de
258 279 322 314 Caris.
257 291 760 348 Ego Alfonsus IIꝰ Di gra Port rex, una cum uxo
259 326 762 369 re ma regina Dõna Vrraca, ⁊ filiis nris infantibꝰ
260 354 749 398 Dõno Sancio, ⁊ Dõno Alfonso, ⁊ Dõna Alionor, ꝯ
259 382 756 429 cedo ⁊ ꝯfirmo ub pplatoribꝰ de Pinel istam cartã
257 416 754 457 ⁊ istud for q ub dedit pater ms rex Dõnus Sã
258 446 756 486 cius excellentissime memorie. Et ut hoc mm fac
254 471 750 515 tum firmissimũ rob abtineat , pcepi fi istam car
254 499 760 547 tam ⁊ eam feci mo sigillo plumbo ꝯmuniri . Facta
256 528 755 570 carta mense Octobis e M.ª CC.ª L.ª V.ª. Nos sup nnati
256 557 754 604 qui hanc cartam fi pcepimꝰ corã subsciptis illam
257 586 732 629 roborauimꝰ , ⁊ in ea hec signa fecimꝰ +++++.
256 615 750 662 Qi affuerunt: Dõnus Stephanus Bracaren ar
256 643 754 685 chiepc ꝯf . Dõnus Mar Port epc ꝯf . Dõnus Pe
256 676 745 717 trus Colimbrien epc . Dõnus Suariꝰ Vlixbonen
259 704 759 740 epc ꝯf . Dõnus Suarius Elboren epc ꝯf . Dõnus
257 728 756 770 Plagius Lamecen epc ꝯf . Dõnus Bartolameꝰ Vise
259 754 756 795 epc ꝯf . Dõnus Martinus Egitanien epc ꝯf . Dõnus
257 788 754 818 Martinus Ihis signifer Dni regis ꝯf . Donus Petrus
252 805 756 849 Ihis maiordomꝰ curie ꝯf . Dõnus L. Suarii. Dõnꝰ
252 837 755 876 Gomeciꝰ Suarii. Dõnus Gil Valasquiz. Dõnꝰ Ihns
253 865 755 902 Fer ꝯf . Dõnus Fernandꝰ Fernandi ꝯf . Dõnus Ro
253 894 760 934 dericꝰ Mdi ꝯf . Dõnus Ponciꝰ Alfonsi. Dõnus Lo
253 923 740 965 pus Alfonsi ꝯf . Magr Plagius cantor Port ts .
253 948 744 991 Vincencius Mdi ts . Petrus Petri ts . Gunsal
250 968 497 1014 uus Mdi cancell curie.
