1569 2026
202 999 760 1077 In nne pats ⁊ filii ⁊ sps sci , am . H est carta de foro qm
218 1045 782 1106 iussi fi ego S. Di gra Port rex una cũ filio mo rege
210 1074 783 1134 Dõno Alfonso ⁊ cetis filiis ⁊ filiabꝰ mis ub populatoribꝰ de
212 1109 785 1167 ciuitate Aguarda tam pesentibꝰ qm futus . In pimis ꝯꝰ ub ut
214 1134 780 1196 nõ detis p homicidio ni CCC sl in appeciadura ⁊ de istis CCC
209 1160 778 1220 solidis detis VII.ᵃ ad palaciũ p ꝯcilium ⁊ p manũ iudicis.
207 1195 770 1252 Et in aliqo pecto ul in aliqa calũpnia nõ intret ms mei
208 1221 771 1277 rinꝰ ni iudex de uro ꝯcilio . Et tcia pars de uro ꝯcilio faciat
200 1251 773 1305 fossadum ⁊ alie due partes stẽt in ura ciuitate. Et de illa
201 1275 754 1338 tcia que debuit face fossadum, ille qi ibi nõ fuit pctet p
200 1304 768 1365 fossadeira V sl in appeciadura . Et nõ faciatis fossatum nisi
201 1331 763 1388 cum dno uro una uice in ãno , ni fuit p bnplacitũ urm .
199 1356 761 1417 Et clici ⁊ pedones n faciãt fossatum. Et nõ intret ibi nun
197 1390 749 1447 cium nq manaria de aliqo hoie de Aguarda. Et qi in tmi
199 1423 763 1475 no de Aguarda filiam alienã rapuit ꝯt suam uolũtatẽ
200 1449 760 1504 pctet ad pal CCC sl ⁊ exeat p homicida. Et si aliqis int uos
197 1480 755 1533 in mcato aut in eccla aut in ꝯcilio appegonato pcussit suũ
200 1504 749 1561 uicinũ pectet LX sl ad ꝯcilium ⁊ sit inde sept de palo p
194 1534 759 1585 manũ iudicis. Et de qolibet furto dns furti recipiat suum
194 1563 765 1617 cabum ⁊ alias VIII partes diuidat cum iudice p mdium .
193 1590 758 1644 Et ille qi domũ fecit aut uineam aut suam heditatem
193 1623 754 1673 honorauit ⁊ uno anno in illa sedit , si postea in alia tra
191 1650 758 1697 hitare uoluit , suiat ei tota sua heditas uicumq hitauit .
192 1672 745 1736 Et si uoluit illas udere uendat ci uoluit p for de ura ciui
868 103 1403 153 tate. Et homines de Aguarda qi debuĩt hre iudicium
866 123 1404 186 aut iunctam cũ hominibꝰ de aliis tris , hant illud in capit
866 148 1395 211 suor tminor . Damus ub p foro q miles de Aguarda stet
861 177 1394 239 p infancione de toto nro regno ĩ iudicio ⁊ in iuramto
862 207 1397 269 ⁊ uincat ipm cum II iuratoribꝰ . Et pedes de Aguarda st⁊
859 235 1396 291 p milite uillano de totis tris nris in iudicio ⁊ in iuram
861 262 1391 317 to ⁊ uincat cum duobꝰ iuratoribꝰ . Et homines qi de suis
859 290 1394 344 tris exierĩt cum homicidio aut cũ muliere raussata l
856 314 1394 373 cum alia qual calũpnia , excepto q nõ ducat mulierẽ
857 346 1392 404 raussatam alienã , ⁊ fecit se uassallum de aliqo hoie de
854 375 1387 434 Aguarda sit liber ⁊ defensꝰ p forum de Aguarda. Et si ho
856 400 1386 456 de alia qualibet tra uenit cum inimicicia aut cũ pig
852 433 1388 490 nore, postq in tmino de Aguarda intuit si inimicꝰ eius
851 459 1378 513 post ipm intoierit ⁊ ei pignꝰ . abstulit aut aliq malũ illi
849 482 1387 543 fecit pctet domino qi tenuit Aguardam D sl ⁊ duplet pignꝰ
847 514 1386 567 ei cui abstulit ⁊ liuores quos fecit . Et qui hoiem de Aguar
843 541 1385 594 da pignorauit ⁊ an nõ pecierit directũ in ꝯcilio uro pctet
848 571 1385 621 ad pal LX sl ⁊ duplet pignora illi ci accepit . Et homo
838 599 1386 651 de alia tra qi militẽ de Aguarda descaualgar pctet LX sl
835 632 1387 679 Et ho de Aguarda qi militẽ de alia tra descaualgar pctet
838 658 1380 703 V sl . Et si homo de alia tra appehendit hoiem de Aguarda
833 679 1383 729 ⁊ eum in pisionẽ misit , pctet CCC sl . Et si homo de Agua
834 710 1379 757 rda appehendit hoiem de alia tra , pectet V sl . Et si homo
832 736 1374 784 de Aguarda p aliq fiadoria p mdium ãnum nõ fuit
832 763 1376 805 reqisitꝰ sit liber de illa. Et si mortuꝰ fuit mulier ⁊ filii eiꝰ
826 789 1374 840 sint libi de illa. Et homines de Aguarda nõ soluãt pigno
833 817 1376 871 ra p dno de Aguarda nq p meirino nq sĩt pignorati ni
830 852 1364 897 p suo uicino. Et milites de Aguarda nq mulieres
830 873 1367 928 uidue nõ dẽt paussatã p forũ de Aguarda ni pedones
825 906 1374 956 p manũ de iudice. Et hoies de uris tminis qi sedĩt
830 934 1376 984 in uris heditatibꝰ aut in uros solares ⁊ dni eor nõ fuĩt
826 958 1371 1008 ibi ueniãt ad signũ de iudice ⁊ dẽt fideiussores q respõ
827 987 1373 1038 deãt ad directum qn uenĩt dni sui. Et si fecĩt calũpniã
827 1013 1369 1065 pctẽt illam dnis ss ⁊ VII.ᵃ ad pal . Et nõ suiant ad aliũ
824 1040 1358 1092 hoiem ni ad dnos suos in qor solare sedĩt . Et senare ⁊ ui
819 1069 1362 1123 nee dni regis hant tale for qle senare ⁊ uinee ure ha
821 1097 1358 1158 buĩt . Et qi uicinũ suũ occidit ⁊ in domũ suã fugit qi pꝰ
819 1128 1358 1182 illum intuit ⁊ ibi eum mactauit pctet CCC sl . Et qui
819 1159 1360 1211 mulierẽ afforciauit ⁊ illa uoces mittẽdo uenit , si ipe c
813 1185 1358 1240 XII nõ potuĩt se saluare, pectet CCC sl . Et qi mulierẽ
815 1212 1359 1266 alienã pcussit pectet ad suũ maritũ XXX sl ⁊ VII.ᵃ ad
817 1248 1347 1297 pal . Et homo de Aguarda qi fideiussores dare uoluit p
812 1271 1348 1325 intẽcoe de q eum inqietauĩt ⁊ dedit duos hoies fide
812 1303 1352 1355 iussores ⁊ ipe sit tcius , si ille qi eum inqietauit noluit
810 1329 1357 1378 recipe fideiussores ⁊ eum postea mactauit totũ ꝯciliũ
809 1357 1357 1405 pctet homicidiũ ss parẽtibꝰ . Et palaciũ dni regis ⁊ pa
805 1379 1354 1432 lacium epi hant calũpniã ⁊ tota ciuitas hat unũ for .
806 1408 1347 1460 Et homo de Aguarda qi fideiussor intuit sin ꝯtẽtor eum
805 1440 1343 1490 nõ libauit qlem fiadoriã fecit talẽ pctet . Et si habuit
804 1465 1341 1520 illũ suũ intẽtorẽ mittat illũ p se ⁊ ipe exeat de fiaduria.
803 1495 1352 1546 Et de suspcta de X sl ⁊ sup iuret cũ duobꝰ de ss uicinis, et
804 1526 1343 1571 de X sl ad minꝰ iuret cũ uno uicino qlem habuit . Et
804 1552 1352 1597 ho de Aguarda qi se tonauit ad aliũ dmũ ut ei bnfaciat
803 1579 1340 1624 sua casa ⁊ sua heditas ⁊ uxor sua ⁊ filii sui sĩt libi p for
807 1609 1358 1657 de Aguarda. Damꝰ ⁊ ub p foro ut nõ hatis alium dnm
801 1634 1343 1682 ni nos reges ⁊ filios nros ⁊ q ꝯcilium uoluit . Et ho
803 1666 1349 1711 de Aguarda qi fuit exhedatꝰ ⁊ p manũ suã nõ ptauit
799 1687 1342 1754 suã heditatẽ uadat illã accipe sine aliq calumpnia.
