1570 2026
203 99 730 154 Et totꝰ homo de Aguarda qi habuit heditatẽ in alia
204 131 729 180 tra nõ faciãt fossatum ni p for de Aguarda. Et homo
207 154 734 210 de Aguarda qi habuit mulierẽ ad bnoem , si eam laxa
207 182 736 236 uit pectet I d ad iudicẽ . Et si mulier laxauit suũ
207 211 736 266 maritũ q habuit ad bnoes , pctet CCC sl , mdietatẽ
209 240 738 290 ad pal ⁊ mdietatẽ ad suũ maritũ . Et qi disrupit casam
208 269 737 308 cũ lanceis scutis, de la porta adento , pctet CCC sl , mdie
209 294 737 344 tatẽ ad dnm de ipa casa ⁊ aliam mdietatẽ ad pal . Et
208 324 741 372 si pcussit suum uicinũ cũ spata, pctet XL sl , VII.ᵃ ad pl .
209 356 735 401 Et qi pcussit suũ uicinũ cũ lancea ⁊ exierit de una p
209 383 743 425 te ad aliam pctet XX.ᵗⁱ sl ⁊ VII.ᵃ ad pal . Et si nõ exierit
212 413 737 459 ad aliam ptem pctet X sl ⁊ VII.ᵃ ad pal . Et de plaga
210 440 735 486 un ossa exierĩt p unoqo osso pctet X sl VII.ᵃ ad pal ⁊ de
210 469 734 513 alia plaga V sl ⁊ VII.ᵃ ad pal . ⁊ p tota pignora siue
208 496 737 542 sĩt de ꝯcilio siue de palacio recipiãt fideiussorẽ p ad for .
210 522 737 570 Et ꝯꝰ ub qd nõ hatis defesam nq mõtem nq pelagũ ni
211 551 730 596 de toto ꝯcilio . Et mõtadigũ de stemo de Aguarda accipiãt
211 583 742 626 illud milites de Aguarda cũ dno suo ⁊ hant in tciam partẽ .
209 610 736 653 Et nullꝰ accipiat mõtadigum de ganatis de Aguarda. Et
210 637 745 679 de carrega de portatico de pedone III ml , ⁊ de caualo I sl ,
209 667 734 711 ⁊ de mulo I sl , ⁊ de ansino ⁊ de boue VI d . Et de toto por
210 695 737 738 tatico qd uenit ad Aguardam, hospes ui pausauit accipi
212 718 738 757 at tciam partẽ ⁊ portariꝰ accipiat duas ptes . Totas istas ĩ
212 745 738 787 tẽtoes iudicẽt alcaldes de uilla ura p suam cartã . Et ali
211 772 744 817 as intẽcoes iudicẽt sndum ssum suũ sct meliꝰ potuĩt . Et ho
211 801 747 841 mines de Aguarda nõ dẽt portaticũ in toto nro regno.
209 827 737 875 Facta fuit h carta apd Colĩbiam V.ᵒ kl Dcembs e M.ᵃ CC.ᵃ
211 857 736 898 XXX.ᵃ VII.ᵃ anno regni nri XIIII.ᵒ. Nos reges qi hãc cartam
209 885 739 931 fi pcepimꝰ coram subsciptis eã roborauimꝰ ⁊ in ea h sig feci
212 916 741 961 mus ++++++. Qicũq gi h nrm ftm ub integm obsuauit sit bn
209 944 747 985 dictꝰ a Deo, am . Et totꝰ uicinꝰ de Aguarda n respondeat sine
203 978 743 1016 rancoso . Isti sunt tmini qos rex Donꝰ S. ꝯcessit ciuitati de
211 1005 743 1047 Aguarda. In pimo de Coa p portũ de Auazil ⁊ p portũ uetꝰ
208 1028 746 1070 de Pega. De parte de Celorico p portũ de Cereigio ⁊ p Lũbũ
209 1055 741 1099 Veliũ ⁊ p fontẽ de Salgueira ⁊ p int ambas fontes de Co
212 1088 743 1132 uadoudi in directũ ad Mõdegũ ui dns rex posuit cũ sua
210 1115 744 1162 manu pets . De pte de Linares p Mõdegũ ⁊ p albgariã de
212 1146 732 1190 Mondego ⁊ p carreirani ueliã qe uadit p Couilianã ⁊
209 1171 744 1215 Barrelas cũ toto suo tmino qomo sptit cum Valelias pelo Pe
212 1202 737 1244 so ⁊ pelo semedeiro da Mo ⁊ colmeal d'Aureiro ⁊ p soas mes
213 1233 738 1268 cas das Teixeiras. Et p Couilianã p castllm de Figueira
209 1256 737 1302 ⁊ p cabeza d'Opa, et pelo peego do carro ⁊ pelas cebdas de
215 1286 745 1332 Meimoa ⁊ pela arrancada de Peto Pai ⁊ pelo Val de Egua
212 1318 745 1360 ⁊ p Lusaguada ⁊ p Elgiam, qomo uadit ad Vallẽ de Alcalds
218 1343 745 1385 ⁊ ferit in Tegio. Et nõ detis p collecta ni LX.ᵃ mr una
216 1370 747 1403 uice ĩ ãno . Gunsaluꝰ Mdi maiordomꝰ curie ꝯf . Plgiꝰ
206 1395 747 1439 Munii signif dni regis ꝯf . Alfonsꝰ Aluariz qi tũc te
218 1426 750 1467 nebat Aguardam. Laurenciꝰ Suarii qi tũc tenebat La
215 1455 745 1496 mecum. Martinꝰ Lopiz qi tũc tenebat Tncosum . Reimũdꝰ
216 1482 739 1528 Plgii qi tũc tenebat Couelianã . Ihns Fnandi dapif do
216 1512 737 1554 mini regis ꝯf . Martinꝰ Fndi qi tũc tenebat Laniosũ .
217 1540 733 1581 Fnandꝰ Fnandi Bragãciam . Martinꝰ Bcaren archeps
212 1565 734 1609 ꝯf . Martinꝰ Port eps ꝯf . Ptrs Lamecen eps ꝯf . Nicho
216 1593 746 1639 laus Visen eps ꝯf . Ptrs Colimbien eps ꝯf . Suariꝰ Vlix
215 1620 735 1666 bon eps ꝯf . Plgius Elboren eps ꝯf . Suariꝰ Venegas
214 1646 746 1696 ptor de Aguarda ꝯf . Iulianꝰ notariꝰ curie. Dõnꝰ Osoreꝰ
215 1680 746 1724 ts . Pets Nunii ts . Fnandꝰ Nuniz ts . Petrs Gomez ts . Pets
215 1709 734 1763 Saluadoris ts . Rodicꝰ Ptiz ts . Egeas Pelagii ts . Randulphꝰ
780 76 1310 132 scpsit . Ego Alfonsꝰ IIꝰ Di gra Port rex una cũ uxore
783 104 1315 164 ma regina Dna Vrraca ⁊ filiis nris infantibꝰ Dõno Sancio
787 128 1316 192 ⁊ Dõno Alfonso ⁊ Dõna Alianor, ꝯcedo ⁊ ꝯfmo ub pplatoribꝰ
788 155 1303 221 de Aguarda istam cartam supsciptam ⁊ istud for qd ub
786 181 1313 244 dedit pat ms excelentissime memorie rex Dõnꝰ Sanciꝰ .
786 214 1332 271 Et ut hoc mm factũ ĩ ppetuũ fmissimũ robur obtineat
788 244 1323 308 pcepi fi istam cartã ⁊ eam feci mo sigillo plũbeo ꝯmuni
791 265 1326 330 ri . Facta carta apd Staren mẽse Decẽbs e M.ᵃ CC.ᵃ L.ᵃ V.ᵃ.
788 294 1318 368 Nos sup nnati qi hãc cartã fi pcepimꝰ coram subsciptis
785 329 1331 390 eam roborauimꝰ ⁊ in ea h signa fecimꝰ +++++.
787 355 1335 417 Qi afuerũt : Dõnꝰ Stephanꝰ Bcaren archieps ꝯf . Dõnꝰ Mar.
792 384 1322 447 Port eps ꝯf . Dõnꝰ Petrꝰ Colĩben eps ꝯf . Dõnꝰ Suariꝰ
789 414 1332 476 Vlixbon eps ꝯf . Dõnꝰ Suariꝰ Elboren eps ꝯf . Dõnꝰ
791 445 1332 499 Plagiꝰ Lamecen eps ꝯf . Dõnꝰ Bartolameꝰ Visen eps ꝯf .
789 470 1330 533 Dõnꝰ Mar Egitanien eps ꝯf . Dõnꝰ Mar. Ihnis signif
788 498 1328 563 dni regis ꝯf . Dõnꝰ Petrꝰ Ihnis maiordomꝰ curie ꝯf .
787 521 1340 584 Dõnꝰ Laurenciꝰ Suarii ꝯf . Dõnꝰ Ihns Fnãdiz ꝯf . Dõnꝰ
790 560 1335 619 Fnãdꝰ Fnãdi ꝯf . Dõnꝰ Gomeciꝰ Suarii ꝯf . Dõnꝰ Egidiꝰ
789 575 1341 644 Valasq ꝯf . Dõnꝰ Rodicꝰ Mdi ꝯf . Dõnꝰ Ponciꝰ Alfonsi ꝯf .
787 606 1345 675 Dõnꝰ Lopꝰ Alfonsi ꝯf . Magr Plagꝰ cantor Port ts . Petrꝰ
792 644 1336 695 Garsie ts . Vicenciꝰ Mdi ts . Mar. Peti ts . Petrꝰ Pet
789 671 1300 730 ts . Ioanninꝰ ts . Gunsaluus Mdi cancell .
