1496 2008
1311 1124 1408 1191 d Elbora
764 1134 1291 1193 n nne sce ⁊ indiuidue tinitatis patis ⁊ filii ⁊ sps sci amẽ .
755 1176 1288 1222 Ego rex Alfonsꝰ filiꝰ Henrici comitis ⁊ regina Tarasia una
753 1207 1291 1251 parit cũ filiis mis rege Sancio ⁊ regina Orraca ⁊ regi
753 1234 1291 1280 na Tarasia uolumꝰ restaurare atq populare Elborã que
748 1260 1286 1306 a saracenis abstulimꝰ . Damꝰ ub forũ ⁊ cꝰtume d Auila tam p
742 1285 1276 1336 sentibꝰ q futis ut duas partes dos caualeiros uadãt ĩ fos
734 1315 1275 1360 sado ⁊ tcia pars remaneat ĩ ciuitate ⁊ una uice faciãt fos
734 1340 1270 1380 sado ĩ anno. Et qi nõ fuit a ffossado pctet p foro V sl p
734 1366 1281 1417 fossadeira. Et p homicidio pctet C sl a placio . Et p casa
732 1398 1283 1442 derota cũ armis scutis ⁊ spadis pctet CCC sl ⁊ VII.ᵃ ad pla
734 1424 1286 1472 ciũ . ⁊ qi furtaret pctet p uno nouẽ ⁊ habeat intẽtor duos
732 1447 1291 1502 qiniones ⁊ septẽ partes ad placiũ . Et qi mulier aforciaret
729 1477 1290 1529 ⁊ illa clamãdo dixit qd ab illo e aforciada ⁊ ille negaret
731 1504 1285 1557 det illa outogamẽto de tres hoies tales qlis ille fuit ,
727 1534 1278 1576 ille iuret cũ dudecĩ ⁊ si nõ habuit outorgmẽto iuret
732 1559 1275 1603 ipe solus. Et si nõ potuit iurare pctet ad illã CCC sl
731 1587 1273 1636 ⁊ VII.ᵃ ad placiũ . Et testimonia mẽtirosa ⁊ fidele mẽ
734 1623 1275 1671 tiroso pctet LX sl ⁊ VII.ᵃ ad placiũ ⁊ duplet el auer.
731 1649 1273 1698 Et qi in ꝯcilio aut in mcado ul in ecclia feriret pctet
726 1678 1280 1736 LX sl , mdios a placio mdios ad ꝯcilio . Et d mdio d ꝯcilio VII.ᵃ
