1496 2008
171 93 798 147 a placio . Et hoie qi fuit gentile aut eredero qe nõ seat meirino.
170 127 813 177 Et qi in uilla pignos afflando ⁊ fiador ⁊ ad mõtẽ fuit pẽdrar duplet
168 151 804 208 la pendra ⁊ pecte LX sl ⁊ VII.ᵃ a placio . Et qi nõ fuit a sinal d iudice
167 186 800 239 ⁊ pignos sacudiret ad saion pctet I sl ad iudice. Et qi nõ fuit ad
170 213 807 272 apelido caualeiros ⁊ pedones exceptis his qi sũt ĩ suicio alieno mi
184 237 785 300 les pctet X sl pedõ V sl ad uicinos. Et qi habuit aldea ⁊ uno
171 267 798 331 iugo d boues ⁊ XL oues ⁊ uno asno ⁊ duos lectos ꝯparet caualo.
175 293 796 363 Et qi crebantauit sinal cũ sua muliere pctet I sl ad iudice. Et mu
172 320 793 392 lier qi leixauit maritũ suũ de bneditioe pctet CCC sl ⁊ VII.ᵃ a pla
165 351 819 430 cio . Et qi laxauit mulierem suã pectet I d ad iudicẽ . Et qi caua
167 382 794 450 lo alieno caualgaret p uno die pctet unũ carnariũ , ⁊ si magis
194 416 786 483 pctet as anguieras p uno die VI d ⁊ p una nocte I sl . Et qi fe
172 441 788 510 riret de lancea aut d espada pol'ãtrada pctet X sl . Et si trouci
174 471 780 539 ret ad alterã partẽ pctet XX sl al qereloso . Et qi crebantauit
166 505 796 567 oclm aut bchiũ aut dẽte p unoqo mbro pctet C sl a lisiado ⁊
167 525 798 593 ille det VII.ᵃ a placio . Qi mulier alienã ante suo marido feriret
171 552 789 622 pctet XXX sl ⁊ VII.ᵃ ad placio . Qi moion alieno ĩ suo ero muda
170 582 808 654 ret pctet V sl ⁊ VII.ᵃ a placio . Qi lind alieno crebantauit pctet
167 610 799 683 V sl ⁊ VII.ᵃ a placio . Qi conducterio alieno mactaret, suo amo
165 641 790 713 colligat homicidio ⁊ det VII.ᵃ a placio . Similit de suo ortela
167 674 785 738 no ⁊ de quarteiro ⁊ d suo monleiro aut d suo solarengo. Qi ha
170 699 785 765 buit l uasalos ĩ suo solar aut in sua heditate n seruiãt
166 725 793 795 ad altero hoie d tota sua facienda ni a dno d solar. Tendas
166 751 788 821 ⁊ molinos ⁊ fornos de hoies d Elbora sĩt liberi d foro. Mi
168 776 787 848 lites d Elbora sĩt in iudicio p podestades ⁊ infanzones de
166 807 792 883 Portugal. Clerici uo habeãt mores miliitũ . Pedones sĩt
167 835 796 912 in iudicio p caualarios uilanos d altra tra . Qi uenit uozeiro ad
167 862 785 934 suo uicino p hoie d foras uilla pctet X sl ⁊ VII.ᵃ ad placium .
172 890 789 968 Ganado d Elbora nõ sit mõtado ĩ nlla tra . ⁊ hoie qi se nafragaret suo ades
169 920 781 985 trado quamuis habeat alium sedeat excusato usq ad capd anni. Mancebo
169 952 794 1022 qi mactaret hoiem foras uille ⁊ fugit , suo amo nõ pctet homicidio. Por
172 982 782 1045 totas qerelas d placio el iudice sedeat uozeiro. Qi in uilla pindrar
169 1009 789 1069 cũ saione ⁊ sacudirẽt ei pignos outorget saion ⁊ pndat ꝯcilio
171 1040 792 1102 d tres collaciones ⁊ pindret p LX sl mdios ad ꝯcilio ⁊ mdios al rãcuro
170 1064 791 1129 so . Barones d Elbora nõ seam en pstamo dado. Et si hoies d Elbora habu
170 1099 796 1149 erĩt iudiciũ cũ hoies de alia tra nõ currat ĩt illos firma sed currat
170 1126 794 1189 p esqisam aut reto. Et oms qi quesierĩt pousar cũ suo ganado ĩ t
170 1152 793 1213 minos d Elbora pndãt d illis montadigo d grege das oues IIII.ᵒʳ car
172 1180 785 1242 neiros. Et de busto de uacas I uaca. Isto mõtatigo e d ꝯcilio . Et
169 1211 789 1271 oms milites qi fuĩt in fossado ul in guardia oms caualeiros qi se pdi
169 1241 789 1310 derĩt in algara ul in lide pimꝰ erectis eos sn qinta ⁊ postea detis nb qin
175 1273 799 1336 tam directam. Et toto hoie de Elbora qi inuenerĩt hoies d aliis ciui
174 1298 811 1367 tatibꝰ in suis terminis talando aut leuando madeiram d mõtes pn
170 1321 803 1398 dãt totum quod inuenerĩt sn calũnia . De azarias ⁊ d guardias qintã
179 1355 796 1427 partẽ nb date sn ulla offrecioe . Qicũq ganatũ domesticũ pigno
179 1380 803 1455 raret uel rape fecit pctet LX sl ad placiũ ⁊ duplet ganatũ a suo
179 1407 798 1484 dno . Testamus uo ⁊ pennit firmamꝰ ut qicũq pignorauit mcatores ul
180 1432 799 1516 uiatores xianos iudeos siue mauros ni fuit fideiussor ul debitor qicũ
179 1465 804 1542 que fecerit pctet LX sl a placio ⁊ duplet ganatũ quod prendiderint a suo
184 1494 799 1561 domino et insup pctet C morabitinos p cauto qd fregit rex habeat me
185 1516 796 1596 dietatem et concilium medietatem. Si qis ad uram uillam uenerit per uim cibos aut
180 1542 798 1623 aliq res accipe ⁊ ibi mortuꝰ fuit ul pcusus non pectet pro eo aliqua calumpnia
177 1576 789 1649 nec suor parentũ homicide habeantur. Et si cum querimonia
826 99 1338 166 de ipo ad regem ul ad dnm tre uenit pctet C mr
824 139 1349 197 medietatẽ regi ⁊ medietatẽ ꝯcilii . Mandamꝰ ⁊ ꝯcedimꝰ
827 166 1345 227 qd si aliqis fuit lato ⁊ si iam p unũ annũ ul duos furari
827 200 1347 262 ul rapere dimissit si p aliqa re repetitꝰ fuit q comisit
824 230 1355 294 saluet se tãq lato . Et si lato e ⁊ lato fuit õnino peat
826 261 1335 322 ⁊ susubeat pena latonis . Et si aliqis repetit p furto ⁊
825 290 1352 358 nõ e lato neq fuit respõdeat ad suos foros. Si aliqis
825 323 1344 387 homo filiã alienã rape ext suã uoluntatẽ , donet
825 356 1358 420 eã ad suos parentes ⁊ pctet illis CCC mr ⁊ VII.ᵃ ad pla
828 381 1360 460 ciũ ⁊ insup sedeat omicidia. De portagẽ foro de trosel
823 411 1362 481 de caualo de panos de lana ul de lino I sl . De tosel de
825 446 1357 516 lana I sl . De tosel de fustanes V sl . De tosel de panos
813 475 1357 545 de color V sl . De carega de piscato I sl . De carega
826 507 1355 571 d'asno VI d . De carega de xianos de conelios V sl .
824 530 1355 594 De carrega de mauris de coneliis I mr . Portagẽ
825 561 1365 623 de caualo qe uendiderĩt ĩ azougi I sl . De mulo I sl .
823 587 1368 650 De asino VI d . De boue VI d . De carnario III mealias.
817 615 1373 682 Del porco II d . De forõ II d . De carrega de pã ⁊ de uino
826 650 1359 713 III medalias. De carrega de peõ I d . De mauro qo
826 677 1355 736 uendiderĩt in mcato I sl . De mauro qi se redime
825 713 1368 766 rat decimã . De mauro qi taliat cũ suo dno decimã .
825 734 1365 794 De corio de uaca ⁊ de zeura II d . De corio d ceruo et
826 761 1369 825 de gamo III medalias. De carrega de cera V sl . De
823 786 1378 861 carrega d azeite V sl . Iste portagem e de hoies foras
824 818 1368 888 uille tcia de suo ospite ⁊ duas partes d rege. Ego
834 856 1364 913 rex Alfonso una cũ filio mo rege Sancio hac car
828 876 1375 945 tam ꝯfirmauimꝰ ⁊ roborauimꝰ . Qisqis hãc cartam irrũpe
828 901 1367 978 uoluit sit maledictus ⁊ excomunicatꝰ amẽ . Facta
824 930 1260 985 carta IIII.ᵒʳ kl Maii sub e M.ᵃ CC.ᵃ IIII.ᵃ.
824 955 1353 1019 Comes Dõnꝰ Valascꝰ ꝯf . Ihns archieps ꝯf . Sueriꝰ
826 980 1353 1050 Elboren eps ꝯf . Aluarꝰ Vlixbon eps ꝯf . Michael
829 1007 1357 1075 eps ꝯf . Gundisaluꝰꝰ de Sausa dapif curie ꝯf . Petrꝰ
833 1041 1344 1096 Plagii signif ꝯf . Magr Albertꝰ cancellariꝰ ꝯf .
832 1067 1334 1127 Magr Gualdinꝰ ꝯf . Mds Peti Cautiuꝰ ꝯf . Gon
834 1093 1078 1144 disaluꝰ diaconus scipsit .
829 1131 1368 1208 Ego Alfonsꝰ II.ꝰ Di gra Port rex una cũ uxore mea
835 1178 1367 1238 regina Dna Vrraca ⁊ filiis nris infantibꝰ Dõno Sancio ⁊
831 1204 1378 1270 Dõno Alfonso ⁊ Dõna Alionor istam cartã sup sciptam ⁊ illd
835 1236 1373 1293 for qd auꝰ ms excellentissime memorie rex Dõnꝰ Alfonsus
835 1270 1375 1336 dedit ub moratoribꝰ de Elbora ꝯcedo ego eis ⁊ ꝯfirmo per
836 1305 1378 1365 hoc psens sciptũ . Et ut hec ma ꝯfirmacio ⁊ ꝯcessio in
836 1340 1378 1408 ppetuũ firmũ rob obtineãt pcepi fi istam cartam et eã feci
831 1368 1393 1442 mo sigillo plũbeo ꝯmuniri . Que carta fuit facta apud Sancta
831 1400 1393 1465 ren mense Ianuario era M.ª CC.ª L.ª VI.ª. Ego rex Domnus
836 1434 1286 1487 Alfonsus et uxor mea et filii supra nominati hanc cartam subscri
833 1452 1392 1526 ptis roborauimus et in ea hec signa fecimus+++++.
