1676 2226
438 899 790 942 Forum atq custume de Gaudela
436 931 941 972 n nne sancte ⁊ ĩdiuidue tinitatis patris ⁊ fi
432 958 949 993 lii ⁊ filii ⁊ spu sancti uniꝰ sũmmi Di facimꝰ istam cartã in ip
432 984 938 1023 sius nne tinitatis . Ego rex Sanciꝰ Port , una parit cum
432 1007 948 1046 filiis mis qi exierunt ex nb , ub hominibꝰ d Gaudela qi iidẽ
435 1038 937 1082 pplatores estis p mãdatum mm , siue qi uenit ad ppland ,
434 1067 942 1113 facimꝰ ub cartulam sic ⁊ fecimꝰ p scpturã ⁊ p pceptũ nrm
435 1104 935 1141 ut firmit teneatis ⁊ habeatis foro bono sic hnt alios
434 1131 946 1173 homines cum meliores foros. ⁊ n detis mi nc pgenie mee
436 1166 942 1199 nc ullo homini p homicidio ni septimũ adpciadura per
434 1189 941 1226 ꝯcilio ⁊ p manũ d iudice ⁊ nullo pecto nc ulla calũpia
434 1219 952 1255 n intret ii , nc mo meirino ni iudice d uro ꝯcilio . ⁊ facia
432 1247 948 1289 tis fossado illa una pars ⁊ alias duas partes stent ĩ il
435 1277 943 1314 la uilla. Et de illa una pars qi habuit ad ire ĩ fossado
432 1303 966 1344 ⁊ n fuit qomo det ĩ fossadeira V sl ĩ apciadura . ⁊ nõ facia
432 1328 951 1365 tis fossadum cum uro seniore ni una uice ĩ anno aut
432 1356 941 1394 si plꝰ ura uoluntas fuit . ⁊ pedones nõ faciant fossadum
431 1385 948 1422 nc clici . Et n intret ii nuncio nc maneria d nullo qo hoie
428 1407 955 1456 p foro d Gaudela. Et qi in tmino de Gaudela filiam alie
429 1439 943 1484 mã rapuit ex suam uoluntatẽ pc CCC sl ad pal ⁊
425 1467 941 1512 exeat p homizieiro. Si aliqis int uos ĩ mcado aut
430 1500 936 1532 ĩ ecc aut ĩ ꝯcilio a pcon ferido fecit feridam ad suum
429 1523 949 1565 uicinũ q pc LX sl ad ꝯcilium ⁊ VII.ᵃ ad pal p manũ
426 1552 943 1591 d uro iudice. Et d furto qlib⁊ sedat ii suus dns colligat
427 1579 951 1617 suum cabdal ⁊ d illa calumpnia partiat c iudice p me
426 1610 949 1648 diũ . Et qi domũ edificauit aut uineas aut suã hedi
426 1641 936 1680 tatẽ honorauit ⁊ uno anno ĩ illa sedit ⁊ pꝰea ad illã
423 1667 951 1706 tram perrexit qomo suiat ei sua heditas ui habitans fuit .
423 1697 940 1735 Et si quesierit illas uẽde uendat ad qem uoluit p for
423 1728 944 1805 de Gaudela. Et hoies d Gaudela ui habuerĩt iudiciũ ul
979 183 1497 231 iunctam cum homibꝰ d aliis tris hant medianitũ p suũ
982 216 1484 254 cautũ d suo tmino . Et dono ub forum q stet caballariꝰ
979 247 1502 285 d Gaudela p infanciõ d totis aliis tris ĩ iudico ⁊ ĩ iura
984 275 1506 311 mto passent super illos cum duobꝰ iuratoribꝰ . Et illi pe
982 304 1499 343 dones d Gaudela q stent ttociant super illos caballarii ui
977 328 1481 371 lani d totis aliis tris in iudico ⁊ ĩ iuramto , tociant sup
982 359 1483 399 illos cũ duobꝰ iuratoribꝰ . Et homies qi d sua tra exierĩt
983 389 1491 429 cum homicidio aut c muliere rausada l cũ alia calũp
982 411 1515 460 nia qlib⁊ sit ni q n aducat mulierẽ alienã , ⁊ torn⁊ se ad se
983 442 1505 487 niores d Gaudela, sedat solutus ⁊ deffensus p forum d Ga
983 473 1485 510 udela. Et si qis ho d qcumq tra cum ĩimicitate aut cũ
982 504 1502 545 pignore uenit ⁊ in tmino d Gaudela intratꝰ fuit , nul
983 536 1489 575 lus ĩimicꝰ pꝰ illum intret aut pignora tollat, l malum
985 565 1500 602 illi faciat, pc ad seniorẽ d Gaudela D sl ⁊ duplet il
985 596 1484 631 la pignora aut illos liuores. Et qi homines d Gaudela
983 618 1492 664 pignorauit ⁊ ĩ ꝯcilio n pectt ad directum, pc ad seniores
975 654 1484 685 d Gaudela LX sl ⁊ duplet illa pigora suo dno . Et oms
982 677 1483 718 d alia tra qi caballarium d Gaudela descaualgarẽt pc
985 703 1489 746 LX sl . Et ho d Gaudela qi altum descaualgar pc V sl .
985 737 1486 777 Et qi homines d Gaudela pendidit in pison pc CCC sl .
985 764 1485 805 Et si homines d Gaudela pndidĩt aliqem hominẽ d ala
987 796 1485 829 tra pc V sl . Et si homines d Gaudela p qlib⁊ fiadoria
987 819 1486 855 a medio anno illo n reqisierit sedat solutus. Et si migtꝰ
984 847 1492 889 fuit uxor sua ⁊ filii sui sint libi . Et n soluant homines
983 879 1497 917 d Gaudela pignora p senior nc p maiordomo ni p suo ui
980 905 1485 939 cino. Et nõ dent pausadam p forum d Gaudela caua
985 932 1496 973 leiros nc clicꝰ nc uiduas nc pedones p manũ iudicis. Et
985 964 1490 995 homines d Gaudela qui suos homines tenuint ĩ suis
988 988 1492 1025 heditatibꝰ aut ĩ suis solaribꝰ ⁊ n fuit ii suus senior ue
985 1012 1487 1054 niant ad sinal d iudice ⁊ dent fiador ad uenida d suo
988 1038 1485 1084 seniore ⁊ faciant que mandarẽt ⁊ calumpnia qlib⁊
987 1074 1466 1115 fecint sit d suo senior ⁊ VII.ᵃ pars ad pal ⁊ n suiat ad
985 1103 1486 1142 alium hominẽ ni ad suum dnm ĩ cuiꝰ solar sedit . Et
982 1132 1487 1179 sua senara aut sua uinea d illo rege Sancio tale
985 1163 1494 1203 pecto hat qle de illis pplatoribꝰ . Et qi uicinũ occidit
988 1195 1485 1231 ⁊ ĩ sua casa fugit qui pꝰ illum intrauit ⁊ ĩ sua casa
988 1223 1495 1258 illum mactauit pc CCC sl . Et qi mulierẽ aforciauit
985 1250 1486 1287 ⁊ illa uoces mittẽdo uenit ⁊ ille cum XII n potuit in
987 1278 1484 1315 libare pc CCC sl . Et qi mulierẽ alienã ferierit pc suo
984 1308 1475 1346 uiro XXX sl ⁊ VII.ᵃ ad pal . Et homines d Gaudela qi
988 1336 1491 1370 fiador pararet p qlib⁊ ca pecierint ⁊ ille fiador outor
980 1360 1483 1403 gar cum duos homines cont illum et ille n que
988 1394 1489 1427 sierit collige ⁊ super ipm cũ mactauit nos toto ꝯci
989 1413 1482 1454 lio ad illum pc . Et palacium d illo rege ⁊ d epo hat
987 1446 1487 1484 calumpia et tota alia uilla unũ for et alio palaco
985 1472 1484 1512 n hat calumpiam . ⁊ oms d Gaudela qi fiador intrar
988 1502 1480 1540 ⁊ intentor n liuiar ql fiaduria fiar pect tal. Et
987 1526 1485 1563 si ententor habuit mittat illũ ĩ manꝰ ⁊ sic exeat
985 1556 1495 1592 d illa fiaduria. ⁊ de sospc X sl a riba feirant XII ca
979 1584 1485 1623 sas a deredor ⁊ iurẽt duo hominies. Et d X sl a iuso
984 1610 1485 1654 iure siui outro qle agar q uicinus sit. Et toto hoe
984 1638 1481 1680 d Gaudela qui se tornar ad alium senior qui ille bn
985 1670 1496 1709 fecit sua casa ⁊ sua heditas ⁊ uxor sua ⁊ filii sui sint
987 1696 1490 1735 libi ⁊ absoluti p foro d Gaudela. Et dono ub for q n
985 1725 1491 1779 hatis aliũ seniorẽ ni regẽ aut filium suũ au quem
