1677 2226
215 184 708 233 uos ꝯcilium quesieritis. Et toto homine d Gaudela qui
211 218 696 257 deserdadu fuit ⁊ p sua manu nõ pectar qomo se tornet
213 247 709 284 ad suam heditatẽ ui ipa fuit sine illa ulla calumpiam . Et
212 272 708 315 toto homie d Gaudela qui heditatẽ habuit ĩ alia tra n
210 304 702 340 faciat fossado ni p foro d Gaudela. Et toto homie de
210 326 704 371 Gaudela qi habuit mulierẽ ad bndicoem ⁊ laxauit illã
212 357 701 398 pc I d ad iudicẽ . Et si mulier laxauit suũ maritum
211 385 702 426 qe habuit ad bndicoem pc CCC sl mdios ad palaciũ
211 409 723 456 ⁊ mdios ad suũ uir . Et d rotela d sua casa cũ lã
210 439 707 484 zas ⁊ scutos d sua porta a dentro pectet CCC sl mdios
209 471 707 507 ad suo dno ⁊ mdios ad pal . Et qi dedit a suo uicino c
210 495 717 545 spada pc XL sl ⁊ VII.ᵃ ad pal . Et qui dedit lancada
209 533 709 572 ad suo uicino ⁊ exit d una parte ad aliam pc XX sl
207 556 717 601 ⁊ VII.ᵃ ad pal . Et si nõ trocierit X sl ⁊ VII.ᵃ ad palaciũ .
209 587 714 631 Et d plaga un osso exierit pc X sl cada osso ⁊ VII.ᵃ ad
210 618 697 661 palacium. ⁊ d alia plaga V sl ⁊ VII.ᵃ ad pal . Et p
209 648 702 687 tota pignora siue d ꝯcilio ul d palacio colligat suo
212 671 714 714 fiador por a foro. Et dono ub q n hat nullã defesa nc
212 704 702 737 nullo mõte , nc nullo pelago ni illo d toto ꝯcilio . ⁊ sunt
211 727 704 774 uellios istos tminos : Ex una parte qomo exparte cum
211 758 709 795 Linares ⁊ cum Felgosino et ex alia parte qomo exparte
213 785 708 828 cum Sena. Et ex tcia parte qomo exparte p Mõdego ꝯt
211 817 718 855 Zurara. Et illo mõtadigo del estremo que mõtẽ ca
212 844 714 879 ualeiros d Gaudela cum suo senior ⁊ pndant sua tcia .
210 865 713 910 Et illo mõtadigo d ganado d Gaudela n sedat mõ
210 896 721 933 tadico . Et d illa carregadura dent ĩ pordico uno arẽco ,
210 929 723 967 et d caualo I sl , ⁊ d mulo I sl , ⁊ d asino ul d boue VI
209 955 722 989 d . Et de toto ptadico qi uenit ad Gaudelã , ui pausada pn
212 985 733 1022 didint pndat sua tcia . Qicumq hanc scpturã infrin
205 1014 718 1047 ge uoluit sit excõmunicatꝰ ⁊ dãpnatꝰ ĩ pptuũ , am .
209 1038 703 1079 Facta carta sub e M.ᵃ CC.ᵃ XX.ᵃ IIII.ᵃ mẽse Februario.
212 1066 717 1113 Ego S. Di gra Port rex qi hanc cartã fi iussi coram
209 1095 718 1142 testibꝰ roboro eam ⁊ ꝯfirmo . Ego D. Di gra regina
211 1129 729 1168 Port hanc cartã roboro ⁊ ꝯf mandato dni mi re
212 1159 728 1203 gis. Ego reg Dna T. filia dni regis S. ⁊ regi
211 1187 718 1230 ne Dne D. similr ꝯf . Ego reg Dna S. cor filia
211 1213 717 1257 similr ꝯf . Dõnus V. Fernandi maiordomꝰ curie ꝯf .
211 1242 709 1286 Dõnꝰ P. Alfonsi signifer dni regis ꝯ . Dõnus P.
213 1270 701 1308 Fernãdi . Dõnus M. Gunsalui. Dõnus G. Bracaren
213 1299 699 1338 archiepc ꝯf . Dõnus M. Port epc . Dõnꝰ Io Visen
213 1326 727 1361 epc . Dõnus M. Colimbien epc . Dõnus Io Fernãdi da
216 1356 702 1390 pifer regis ꝯf . Egeas Plagii ꝯf . Reimõdus
215 1386 717 1418 Mdi . Reimũdꝰ Ihnis ꝯf . Alfonsus Suarii ꝯf . Mar
213 1409 703 1451 Pl ts . Iulianꝰ notariꝰ curie ap Scarẽ extitu robata .
209 1453 717 1508 Ego A. IIꝰ Di gra Port rex, una cũ uxore ma re
212 1498 707 1533 gina Dna Vrr , ⁊ filiis mis infantibꝰ Donno S. , ⁊ Dõ
213 1519 712 1558 no A. , ⁊ Donna Alionor, ꝯcedo ⁊ ꝯfirmo ub moratori
216 1547 712 1585 bus d Gaudela istam cartã supsciptã ⁊ ist for q ub
213 1576 709 1618 dedit pater ms rex Dõnus S. . Et ut h mm fcm ĩ
211 1605 709 1648 ppetuũ rob obtineat, pcepi fi istam cartã mam ⁊
216 1633 706 1671 eã feci mo sigillo plumbo ꝯmuniri . Facta carta
220 1662 712 1700 ap Colimbiam mẽse Nouẽbi sub e M.ᵃ CC.ᵃ L.ᵃ V.ᵃ.
218 1686 708 1734 Nos supnnati reges qi hanc cartã fi pcepimꝰ
218 1717 706 1780 corã subsciptis eam roborauimꝰ , ⁊ ĩ ea h sig fecimꝰ
758 183 1262 228 +++++. Qi affuer : Dõnus S. Bracaren arciepc ꝯf .
759 215 1252 255 Dõnus M. Port epc ꝯf . Dõnus P Colimbrien
760 247 1267 285 epc ꝯf . Dõnus S. Vlixbonen epc . Dõnus S. El
761 270 1262 311 boren epoc . Dõnus P. Lamecen epc . Dõnus B. Vi
759 298 1258 338 sen epc . Dõnus Mar Egitanen epc ꝯf . Dõnus
760 327 1262 369 Martinꝰ Io signif dni regis ꝯf . Dõnꝰ P. Io ma
763 362 1262 398 iordomus curie ꝯf . Dõnus Lau. Suarii. Dõnꝰ Ihns
760 382 1258 424 Fernãdi . Dõnꝰ Go. Suarii. Dõnus Gil Valasqiz . Dõ
760 414 1262 451 nus Fernandꝰ Fernandi. Dõnꝰ Rodicꝰ Mdi . Dõnꝰ Põciꝰ
760 439 1256 478 Alfõsi . Dõnus Lo. Alfonsi ꝯf . Magr Plagiꝰ cantor
761 464 1260 511 Port ts . Petrꝰ Garsie ts . Vincẽciꝰ Mdi ts . Mar Peti
762 493 1259 541 ts . Petrꝰ Petri ts . Ioanninꝰ ts . G. Mdi cancell curie.
