1676 2226
651 881 889 921 Carta de Linares
447 908 946 953 n nne sce ⁊ indiuidue tinitatis patis ⁊ filii ⁊ sps s.
450 933 938 979 uniꝰ sũmi Di , facimus istam cartulam ĩ ipiꝰ nne tinita
450 963 942 1006 tis . Ego rex Alfonsus Port una parit cum filiis mis qi
448 989 944 1028 exierũt ex nb . Vb hominibꝰ de Linares qi ibidẽ pplatores
450 1020 951 1059 estis p mandatum mm siue qi uenint ad pplandum ,
447 1048 943 1087 facimus ub cartulam, sic ⁊ fecimus p sciptam ⁊ p p
446 1075 940 1121 ceptum nrm , ut firmit teneatis et habeatis foro
442 1110 942 1153 bono, sic habẽt alios homines cum meliores foros.
446 1137 943 1181 ⁊ nõ detis mi nc pgeniei mee nec ullo homini p ho
445 1166 937 1205 micidio ni septimũ ad apciadura p ꝯcilio ⁊ p ma
444 1197 943 1235 nũ de iudice. Et nullo pcto nc ulla calumpnia nõ
442 1221 944 1266 intet ibi nc mo marino ni iudice de uro ꝯcilio . Et fa
444 1253 948 1294 ciatis fossado illa una pars ⁊ la duas partes stẽt ĩ illa
441 1279 943 1319 uilla. Et de illa una pars qi habuit ad ire in fossadu
442 1312 947 1352 ⁊ nõ fuit qomo det in fossadeira V sl ĩ adpciadura . Et
442 1338 948 1373 nõ faciatis fossadu cum uro seniore ni una uice ĩ ãno
442 1365 952 1404 aut si plus ura uoluntas fuit . Et pedones nõ faciant
440 1391 961 1432 fossadu nec clici . Et nõ intret ibi nũcio nc maneria
443 1415 939 1454 de nullo qo homine p foro de Linares. Et qi ĩ tmino
441 1446 954 1486 de Linares filiam alienam rapuit ext suam uolũta
440 1471 938 1511 tẽ pectet ad pl CCC sl ⁊ exeat homicieiro. Si quis
439 1500 942 1537 aliquis int uos ĩ mcato aut ĩ ecc ul ĩ ꝯcilio a pcon fe
439 1528 941 1566 rido fecit ferida ad suo uicino qd pectet LX sl ad ꝯ
439 1554 944 1599 cilio ⁊ VII.ᵃ ad palac p manu de nro iudice. Et de fur
440 1586 941 1623 to qolibet sedeat ibi suus dns qi colligat suo cabal
439 1616 949 1655 ⁊ de illa calumpnia parciat cum illo iudice p mediũ .
439 1646 947 1683 Et qi domum edificauit aut uineas aut sua hedita
437 1668 941 1707 te honorauit ⁊ uno anno ĩ illa sedit ⁊ postea ad aliã
437 1696 936 1735 tram prexit , qomo seruiat illi tota sua heditas ni ha
435 1726 942 1769 bitans fuit . Et si qesierit illas uende , uendat ad qm
436 1758 936 1806 uoluit p foro de Linares. Et homines de Linares ui
1001 173 1507 215 habuint iudicium ul iũcta cum homines de alias
995 210 1501 248 tras , hant medianito p lor couto de seu tminu . Et
1001 237 1505 280 dono ub foro qd stent caualeirꝰ de Linares p ĩfan
996 264 1501 307 ciones de totas alias tras , ĩ iudicio ⁊ ĩ iuramto , tou
999 294 1501 335 ciant sup illos cum II.ᵒˢ iuratores. Et illos pedones
998 324 1499 359 de Linares qd stent ⁊ touciant sup illos caualeiros
999 351 1491 387 uillanos de totas alias tras ĩ iudicio ⁊ ĩ iuramto ,
998 377 1489 413 cum duos iuratores. Et oms qui de sua tra exie
999 403 1499 443 rint cum homicidio aut cum muliere rausada l
994 434 1490 472 cum alia calumpnia qlibet sit, ni qd nõ adducat
998 457 1492 500 mulierẽ alienam, et tornet se ad seniores de Li
996 493 1496 533 nares sedeat solutus ⁊ defensꝰ p foro de Linares.
996 518 1506 560 Et si quis homo de qcumq tra cũ inimicitate aut
994 549 1501 591 cum pignora uenit ⁊ ĩ tmino de Linares intratꝰ fuit ,
998 575 1501 614 nullus post illũ intret aut pignora tollat ul malũ
996 603 1499 640 illi faciat, pctet ad seniores de Linares D sl ⁊ duplet
995 633 1507 671 illa pignora aut illos liuores. Et qi homines de Lina
1004 659 1509 695 res pignorauit ⁊ ĩ ꝯcilio pecierit ad directũ , pec
991 681 1506 723 tet ad seniores de Linares LX sl ⁊ duplet illa pig
995 708 1501 753 nora suo dno . Et homines de alia tra qi caualeiro d
996 743 1499 774 Linares descaualcare pectet LX sl . Et homines d
994 766 1502 805 Linares qi altum descaualgar pectet V sl . Et qi ho
996 795 1505 828 mines de Linares pndidint in psion pectet CCC sl .
982 817 1511 864 Et si hoies de Linares pndidint aliq hominẽ de alie
998 847 1495 889 na tra pectet V sl . Et si homines de Linares p qli
995 871 1489 918 bet fiaduria a medio anno illo nõ reqisierit sedeat
995 901 1492 946 solutus. Et si migtus fuit uxor sua ⁊ filii sui sint
996 932 1490 972 libi . Et nõ soluant homines de Linares pignora p
996 963 1489 997 seniore nec p maiorino ni p suo uicino. Et nõ dent
998 989 1506 1030 pausadas p foro de Linares caualeirꝰ nc clici nc uiduas
1011 1012 1505 1052 ni pedones p manũ iudicis. Et homines de Linares
999 1044 1504 1084 qi suos homines tenuĩt in suas heditates aut ĩ suos
994 1074 1492 1117 solares ⁊ nõ fuit ibi suo senior ueniat ad sinal de
995 1098 1501 1146 iudice ⁊ dent fiador ad uenida de suo senior ⁊ faciãt
998 1126 1506 1174 qe mandarẽt , ⁊ calũpnia qlibet fecĩt sit de suo senior
999 1158 1489 1200 ⁊ VII.ᵃ pars ad palaciũ . Et nõ seruiãt ad ullũ homi
999 1187 1495 1231 nẽ ni ad suũ seniorẽ ĩ cuiꝰ solare sedit . Et sua sena
999 1218 1484 1263 ra aut sua uinea de illo rege Alfonso tale pacto
999 1244 1491 1292 hat qle de illos pplatores . Et qi uicino occidit ⁊ ĩ sua
994 1272 1499 1319 casa fugierit, qi pꝰ illum intuit ⁊ ĩ sua casa illũ mac
1005 1302 1496 1347 taret pectet CCC sl . Et qi mulierẽ alienã ferierit
998 1330 1489 1375 pectet suo uiro XXX sl ⁊ VII.ᵃ ad pl . Et qi mulierem
996 1362 1501 1397 aforciauit ⁊ lla uoces mittendo uenit ⁊ ille cũ duode
998 1388 1512 1420 cim nõ potuit se ind delibare CCC sl . Et homines de
994 1408 1521 1455 Linares qi fiador pararẽt p qlibet ca pecierĩt ⁊ ille
991 1437 1501 1477 fiador autorgar cum duos homines ꝯt illũ ⁊ ille non
994 1469 1495 1509 qsierit collige ⁊ sup ipm eum mactauit , nos toto
991 1492 1492 1535 ꝯcilio ad illo pectet. Et palacium de illo rege ⁊ de
991 1524 1490 1565 epo hat calũpniam . Et tota alia uilla uno foro, ⁊
990 1549 1501 1591 alio palacio nõ hat calũpniã . Et homines de Linares
993 1574 1500 1620 qi fiador intrar ⁊ entẽtor nõ li uuiar ql fiaduria fiar
996 1602 1504 1649 peitar tal. Et si ententor habuit mittat illũ ĩ manꝰ
995 1637 1496 1679 ⁊ sic exeat de illa fiaduria. Et de suspecta de X sl ari
991 1663 1497 1700 ba feirant duodecim casas a deredor ⁊ iurẽt duo ho
994 1686 1502 1735 mines. Et de X sl a iuso iure siui outru qlẽ agar
989 1716 1492 1759 qd uicinus sit. Et toto homine de Linares qi se tor
990 1747 1484 1796 nar ad alium senior qi illi bnefecit , sua casa ⁊ sua
