1677 2226
215 179 704 221 heditas ⁊ uxor sua ⁊ filii sui sint libi ⁊ absoluti p foro
216 204 709 249 d Linares. Et dono ub foro qd nõ hatis alium seniorẽ
221 239 713 283 ni regẽ aut filium suũ aut qe uos ꝯcilio qsieritis . Et to
217 269 709 306 to homine de Linares qi deserdadu fuit ⁊ p sua manu
218 296 713 335 n pctar qomo se torne ad sua heditate ui fuit illa, sin
220 325 712 366 ulla calumpnia. Et toto homine de Linares qi hedi
223 351 706 393 ditatem habuit ĩ alia tra nõ faciat fossadu ni p foro de
215 377 703 417 Linares. Et toto homine de Linares qi habuit mulie
218 404 699 446 rẽ ad bnedicoem ⁊ laxauit illam, pctet I d ad iudicẽ .
211 429 697 474 Et si mulier laxauit suũ maritũ qem ad bnedicoem
215 461 702 500 ht , pctet CCC sl medios ad palaciũ ⁊ mdios ad suũ ui
210 489 703 534 rum. Et de rotela de sua casa cum lanzas ⁊ scutos de sua
211 525 697 560 porta adento pctet CCC sl , mdios ad suo dno ⁊ mdios ad
210 545 698 592 palaciũ . Et qi dedit ad suo uicino c spata pctet XL sl ⁊
207 575 697 620 VII.ᵃ ad palaciũ . Et de plaga V sl ⁊ VII.ᵃ ad palaciũ . Et qi
207 604 697 638 dedit lanzada ad suo uicino ⁊ exierit de una pte ad aliam
207 625 706 667 pctet XX sl ⁊ VII.ᵃ ad palaciũ . Et si nõ troucierit X sl ⁊ VII.ᵃ
213 652 704 695 ad placium . Et de plaga und osso exierit pctet
209 680 701 719 X sl cada osso ⁊ VII.ᵃ ad pl . Et de plaga V sl
209 706 699 753 ⁊ VII.ᵃ ad placiũ . Et p tota pignora siue d
209 740 246 779 con
359 734 703 779 cilio ul de pla , colligat suo fiador p a fo
207 760 691 806 ro. Et dono ub q nõ hat nulla defesa nc
205 790 691 831 nullo monte nc ullo pelago ni illo de toto
206 818 693 854 ꝯcilio . Et sunt uros istos tminos : qomo expte cum Gau
205 844 695 880 dela ⁊ cum Felgosino, et ex alia pte qomo exparte cũ Ce
205 871 696 908 lorico, et ex tcia parte qomo expte p Mõdecũ cum Algo
202 901 697 941 dres. Et e tminus eiꝰ ꝯt Eidaniã p iugada de Barrelas
202 925 695 965 ⁊ ind p sũmũ de Lomba Farta ⁊ exind sic diuiditur c
201 955 690 995 Celorico. Et illo mõtadigo del estremo qe mõtẽ caua
204 980 696 1019 leirꝰ de Linares cum suo senior ⁊ pndant sua tcia . Et
201 1009 691 1048 illo montadigo de ganado de Linares nõ sedeat mõta
202 1036 701 1080 digo . Et de illa carregadura dẽt ĩ portadigu I arẽzo .
202 1063 697 1110 Et de caualo I sl ⁊ d mulo I sl ⁊ de asino ul boue
206 1093 703 1137 VI d . Et de toto portadigu qi uenit ad Linares ui pau
204 1122 696 1169 sada pndit , pndat suã tciã . Qicunq hãc sciptam in
202 1157 702 1199 fringe uoluit st excoicatus ⁊ dampnatꝰ ĩ ppetuũ , am .
204 1181 690 1225 Ego rex Alfonsus Port una cum filiis nris ub toto
202 1213 691 1258 ꝯcilio de Linares hanc cartam de bono foro robora
202 1241 686 1283 mus ⁊ ꝯfirmamus . In e M.ᵃ CC.ᵃ VII.ᵃ mse Septbio .
201 1273 693 1313 Qi psntes fuer ⁊ audier testes s : Bracare archieps
204 1297 696 1341 Dns Ihns ꝯf . Viseo eps Dõnus Gunsaluus ꝯf . Lame
204 1328 693 1368 co eps Dõnus Mds ꝯf . Colimbie eps Dõnus Micahel ꝯf .
205 1355 687 1392 Portugalis eps Dõnus Petrꝰ ꝯf . Vlixbone eps Dõnus
201 1381 693 1422 Aluarus ꝯf . Elbore eps Dõnus Suariꝰ ꝯf . Comes Va
204 1406 688 1449 lascus curie regis dapifer ꝯf . Fnandꝰ Alfonsi regis signif
207 1432 697 1470 ꝯf . Pe Fnandi regis Sancii dapifer ꝯf . Nuno Fnandi eiꝰ
202 1458 692 1503 signifer ꝯf . Suariꝰ Mdi Extemate dns ꝯf . Valascus Fer
202 1486 695 1527 nandy ꝯf . Petrꝰ Saluadoriz ꝯf . Magr Albtus cancellarius.
200 1516 688 1558 Ego rex Alfonsus dedi p foro a pplatores de Linares de
204 1540 695 1592 heditates trasanas ⁊ qinq annos ariba q nõ respon
205 1573 276 1605 deant.
195 1587 691 1650 Ego Alfonsus IIꝰ Di gra Port rex una cum uxore
206 1623 695 1668 mea regina Dna Vrr ⁊ filiis nris infantibꝰ Dõno Sã
205 1657 691 1699 cio ⁊ Dõno Alfonso ⁊ Dõna Alionor concedo ⁊ ꝯfirmo
207 1686 687 1730 ub pplatoribꝰ de Linares istam cartam ⁊ istud forum
207 1714 688 1756 qd ub dedit auus ms rex Domus Alfonsus bone me
205 1739 685 1795 morie. Et ut hoc mm factum firmissimũ rob obti
764 178 1250 222 neat pcepi fi istam cartam ⁊ eam feci mo sigillo plum
762 200 1237 244 beo ꝯmuniri . Facta carta mse Octobi e M.ᵃ CC.ᵃ L.ᵃ V.ᵃ.
762 231 1252 280 Nos supnnati qi hanc cartam fi pcepimꝰ coram subscip
760 273 1245 311 tis eam roborauimus ⁊ ĩ ea hec signa fecimus +++++.
761 300 1251 341 Qi affuerunt: Dõnus Stephanus Bracaren archieps
766 328 1245 366 ꝯf . Dõnus Mar Port eps ꝯf . Dõnus P. Colimbien eps
761 352 1244 389 ꝯf . Dõnus Suariꝰ Vlisbonen eps ꝯf . Dõnus Suarius
761 379 1240 419 Elboren eps ꝯf . Dõnus Plagiꝰ Lamecen eps ꝯf . Dõnus
761 410 1245 451 Bartholoms Visen eps ꝯf . Dõnus Mar Egitanien eps
761 437 1250 474 ꝯf . Dõnus Martinus Ihnis signifer dni regis ꝯf . Dõnus
764 463 1244 505 P. Ihnis maiordomus curie ꝯf . Dõnus Laurenciꝰ Suarii
760 494 1242 536 ꝯf . Dõnus G. Suarii ꝯf . Dõnus Egidiꝰ Valasquiz ꝯf .
761 521 1255 563 Dõnus Fernandꝰ Fnandiz ꝯf . Dõnus Io Fnandiz ꝯf . Dõ
761 546 1246 591 nus Rodicus Mdiz ꝯf . Dõnus Poncius Alfonsi ꝯf . Dõ
761 577 1239 619 nus Lopꝰ Alfonsi ꝯf . Magr Plagius cantor Port ts .
765 603 1241 645 Petrꝰ Garsie ts . Martinus Peti ts . Vicenciꝰ Mdiz testis.
764 629 1251 673 Ihns Pelagii ts . Petrus Petiz ts . Gunsaluus Mdiz cancel
756 651 1131 695 lariꝰ dni regis. Ihns Martiniz scipsit .
