1532 2002
145 95 744 145 habeatis bonũ for uos ⁊ filii uri ĩ ppetuũ sic habt hoies de
152 132 724 174 Trõcoso . Et nõ detis nb neq ad pgeniẽ nram ad ullũ hominẽ
150 163 742 203 p homicidio ni VII.ᵃ ad palaciũ de CCC sl ĩ apciadura p ꝯciliũ
152 185 734 225 ⁊ p manũ de iudice. Et ĩ nullo pecto neq ĩ nulla calũpnia nõ
156 211 740 244 intret meirinꝰ ni iudex de ꝯcilio . Et faciãt fossatũ la tcia de los
141 232 750 272 caualeiros ⁊ las duas partes stẽt ĩ Castaiciõ . Et d illa parte que
151 260 754 302 debuit ire ĩ fossado ille qi nõ fuit det ĩ fossadeira V sl ĩ apciada .
160 288 749 337 ⁊ nõ faciãt fossado ni cũ suo seniore una uice ĩ anno aut ura
156 315 734 358 uolũtas fuit . Et peones ⁊ clerici nõ faciãt fossado. Et nõ ĩtret
156 350 747 394 ibi nũcio nc manaria d nullo hoie p foro de Castaiciõ . Et qi ĩ tmi
156 377 743 419 no de Castaiciõ filiã alienã rousar ext suã uolũtatẽ pectet
154 401 747 447 ad palaciũ CCC sl ⁊ exeat homizieiro d suos parẽtes . Si qis aliqe
156 428 756 474 ĩt uos ĩ mcato aut ĩ ecc uel ĩ ꝯcilio plecato a pcõ ferida fceit ad
156 454 749 504 suũ uicinũ pectet LX.ᵃ sl ad cõciliũ ⁊ VII.ᵃ ad palaciũ p manũ
156 491 756 533 d iudice. Et de furto quolib⁊ dns furti ad quẽ furtauĩt recipiat
156 513 757 565 suũ cabũ ⁊ aliã calũpniã parciat cũ iudice p mediũ . Et qi domũ
157 537 747 582 fecit aut uineã aut suã heditatẽ honorauit ⁊ uno ãno ĩ illa
159 565 755 613 sedit ⁊ pꝰtea ad aliã trã fuit suiat illi tota sua heditas ubi ille
160 596 759 645 habitauit . Et si eã uẽde uoluit uẽdat ad quẽ uoluit p for d Cas
160 626 758 674 taiciõ . Et hoies de Castaiciõ qi habuĩt iudiciũ aut iũtã cũ hoibꝰ
163 655 744 697 d aliis tris hant illos ĩ cabos de suis tminis . Et do ub for ut
162 679 756 722 stet caualeiro d Castaiciõ p ĩfanciõ de totis aliis tris tã ĩ iudito
163 705 753 748 q ĩ iuramẽto ⁊ passẽt sup illos cũ duos iuratores. Et peones de Cas
159 734 749 772 taiciõ passẽt sup caballarios uillanos d aliis tris ĩ iudicio ⁊ ĩ
162 759 747 804 iuramto cũ duos iuratores. Et hoies qi de suis tris exierĩt cũ ho
163 786 760 834 micidio aut cũ muliere raussada ul cũ alia calũnia qlibet ni q
164 818 757 857 nõ adducat mulierẽ alienã d bndictõe tornet se ad senior de
166 844 768 883 Castaiciõ ⁊ sit solto ⁊ dfeso p for d Castaiciõ . Et si aliqis homo d ali
167 871 758 918 q tra uenit cũ homicidio aut cũ pignora ⁊ ĩ tmino de Castai
165 903 764 946 ciõ ĩtuerit nullꝰ d suis inimicis pꝰ illũ nõ ĩtret . Et si ei pigno
166 933 760 968 ra tollit aut ei male fecit pectet ad senior de Castaiciõ D sl
169 960 739 1003 ⁊ duplet illa pignora aut illos liuores. Et qi hoies d Castaiciõ
169 987 769 1035 pignorauuit ⁊ ĩ ꝯcilio nõ pecierit directũ pectet ad senior de Cas
170 1015 772 1063 taiciõ LX.ᵃ sl ⁊ duplet illa pignora ad suũ donũ . Et hoies d aliis
172 1046 768 1094 tris qi caualeiro d Castaiciõ descaualgar pectet illi LX.ᵃ sl duplet illa pignora suũ dominũ . Et ho
167 1075 750 1122 mines d Castaiciõ qi illos pisiere ⁊ ĩ pisõ illos miserit pectẽt illi
180 1104 757 1149 CCC sl . Et si hoies d Castaiciõ pndidĩt alios hoies d alias tras
178 1129 767 1184 ⁊ ĩ pisiõ illos misĩt pctet illi V sl . Et si hoies d Castaiciõ p qlibet
175 1160 776 1204 fiaduria a medio anno illos nõ reqisierit sedeat solto. ⁊ si mortuꝰ
175 1190 775 1236 fuit , sĩt filii ⁊ uxor sua libi . Et nõ soluãt hoies d Castaiciõ pigno
180 1214 772 1266 ra p sinor nc p merino, nisi p suo uicino. Et nõ donẽt pousada p for
178 1241 764 1285 d Castaiciõ ĩ casa d caualeiro nc d uiduas nc de clicos ni p manũ
176 1270 768 1314 d iudice ĩ casa d peones. Et hoies d Castaiciõ qi hoies tenuerĩt ĩ su
179 1294 773 1341 as heditates aut ĩ suos solares ⁊ nõ fuit ibi suo senior ueniat
180 1319 769 1366 ad sinal d iudice ⁊ det fiador a uenida d suo sinor ⁊ faciãt qd mã
180 1349 772 1396 rẽt ⁊ qlibet calupnia fecit sedeat d suo sinor ⁊ VII.ᵃ ad palaci
181 1375 773 1420 ũ . Et nõ suiat a nullo hoie ni ad suo senior ĩ cꝰ solar seiuer. Et
181 1404 768 1448 sua senara aut suas uineas de rei tal cautũ hant qomo d uicino
183 1432 772 1477 de Castaiciõ . Et qi uicino mactauit ⁊ ĩ sua casa fugit qi post illũ ĩ
181 1462 763 1512 trare ⁊ ĩ sua casa lo matar pectet CCC sl ad parẽtes de morto.
181 1489 776 1537 Et qi mulier aforciauit ⁊ illa uoces mittẽdo uenit ⁊ ille cũ XII
183 1518 773 1564 nõ potuit se saluare pectet CCC sl a la mulier ⁊ ad suos parẽ
184 1543 777 1593 tes . Et qi mulier alienã ferir pctet a suo marido XXX sl ⁊ VII.ᵃ
181 1568 781 1626 ad placiũ . Et hoies d Castaiciõ qi fiadores parar p q calũpnia ille
185 1603 784 1648 pecit ⁊ el fiador outorgar cũ duos uicinos ⁊ ille nõ qusit collige
182 1630 779 1682 fiador ⁊ sup ipm occidit nos toto ꝯcilio pectabimꝰ ipm homici
760 108 1390 171 diũ . Et palacio regis uel epo hant calũpnia . Et tota alia uilla
768 140 1399 194 hat uno foro ⁊ alio palacio nõ hat calũpnia . Et hoies d Castaiciõ
771 165 1397 220 qi fiador ĩtrar ⁊ ꝯtemtor nõ habuit qle fiada fiar tale pectet.
766 189 1397 244 Et si ꝯtẽtor habuit mittat illũ ĩ manꝰ ⁊ exeat d illa fiaduria. Et
760 217 1399 270 d suspecta d X sl ad riba cognominet XII uicinos ĩ redor sua casa
759 242 1394 295 ⁊ iuret cũ los duos ⁊ exeat de la calũpnia ⁊ X sl a iuso iuret siue
762 268 1392 320 ⁊ outo qles achiar qos uicinos sedeãt . Et toto hoie d Castaiciõ qi se tor
764 295 956 335 nar ad aliũ seniorẽ
977 298 1390 345 regẽ aut filios suos aut qe ꝯciliũ uoluit .
767 323 1388 378 Et toto hoie d Castaiciõ qi heditatẽ habuit ĩ alia tra nõ faciat fos
765 350 1386 405 satũ ni p for d Castaiciõ . Et toto hoie d Castaiciõ qi habuit mulierẽ
767 383 1393 430 ad bndcoem ⁊ laxauit illã pectet ad iudicẽ I d . Et si mulier suũ
766 412 1401 456 maritũ laxauit qi habuit benedictionẽ pectet CCC sl , mdios ad pal
767 438 1395 488 ⁊ medios ad suũ maritũ . Et d casa derota c scudos ⁊ cũ lãzas qi la
767 467 1394 509 derrõper pectet CCC sl , medios ad donũ de ipa casa ⁊ medios ad
764 492 1401 540 palaciũ . Et qi dedit ad suũ uicinũ cũ cũ spada pectet XL sl ⁊ VII.ᵃ
771 527 1403 575 ad palaciũ . Et qi dedit cũ lãza ad suũ uicinũ et exierit d una pte
772 554 1391 598 ad aliã pectet XX.ᵃ sl ⁊ VII.ᵃ ad pal , ⁊ si nõ exierit pectet X sl
777 577 1398 625 ⁊ VII.ᵃ ad palaciũ . Et d plaga un osso exierit cada osso X sl ⁊ VII.ᵃ
769 608 1400 652 ad palaciũ . Et p tota pignora siue d ꝯcilio siue d palacio colligat
771 641 1392 680 fiador sup illa pignora p ad foro. Et dono ub q nõ hat nulla dfesa nc
764 667 1391 707 nullo mõte nec nullo pelago ni de toto ꝯcilio . Et d plaga unde osso
775 689 1405 732 exierit cada osso X sl ⁊ VII.ᵃ ad palaciũ ⁊ d alia plaga V sl ⁊ VII.ᵃ
777 716 1407 757 ad palaciũ . Et p tota pignora siue d ꝯcilio siue d palacio colligat
774 741 1400 784 fiador sup illa pignora p aforo. Et dono ub q nõ hat nulla defesa nc
776 769 1409 809 nullo monte nc nullo pelago ni de toto ꝯcilio Et illo mõtatico d tmi
777 794 1402 836 no d Castaiciõ mõtẽ lo caualeiros d Castaiciõ cũ suo senor ⁊ pndãt
779 824 1401 867 ĩd la tciã . Et nullo ganato d Castaiciõ nõ sedeat mõtado . Et d por
777 852 1390 894 tatico d pãe ⁊ de uino dẽt de la car III md . ⁊ d caualo ⁊ d mulo qi lo
773 877 1390 925 uẽdidit I sl . ⁊ d boue ⁊ d asino VI d . D carneiro aut d cap aut
775 909 1397 952 d porco III md . Et d toto portatico q ad Castaiciõ uenit pndat
779 937 1401 978 suo hospite la tcia . Et d toto hoie d Castaiciõ qi deserdado fuit
782 967 1395 1008 ⁊ p sua manu nõ lu peitar tornet se ad suã heditatẽ ui illa
776 993 1384 1041 fuit sine calũpnia . Facta fuit h carta apd Ripã d Mõteco III.ᵒ
782 1022 1378 1071 Kl Augꝰti E M.ᵃ CC.ᵃ XXX.ᵃ IIII.ᵃ. Nos reges qi hãc cartã fieri
787 1053 1410 1102 pcepimꝰ corã subsciptis eã roborauimꝰ ⁊ p illos tminos qos homo
786 1083 1410 1128 nr Suariꝰ Suarii cũ militibꝰ nris Alfõso Peti d Airoa ⁊ Peto Pl
785 1114 1400 1156 d Gimõdi ⁊ Fnãdo Pl d Ĩt Auẽ ⁊ Astẽ p mãdatũ nrm ub as
781 1142 1386 1181 signauit pdcm castellũ habẽdũ ꝯcedimꝰ . Et ex alia pte
785 1168 1414 1210 p illos tminos qos ĩ ãtea habebatis. Martinꝰ Bchar arch ꝯf .
785 1202 1388 1242 Martinꝰ Port eps ꝯf . N. Visen eps ꝯf . Petrꝰ Lamecen eps .
786 1226 1395 1263 Gonsaluꝰ Mendi maiordomꝰ curie. Rodicꝰ Mdi signif regis.
792 1253 1401 1293 Dõnꝰ Gũsaluꝰ Gunsaluiz ꝯf . Rodicꝰ Suarii qi tenebat tc trã .
794 1276 1368 1319 Rodicꝰ Valas qd Trõcosũ ꝯf . Io Fnãdi dapif regis ꝯf .
789 1302 1431 1352 M. Fnãdi ꝯf . Laurẽciꝰ Gomiz d Lausela affuit, P. Nuniz ts .
789 1330 1380 1380 Fernãdꝰ Nuniz ts . Petrꝰ Mendi ts . Egeas Peti ts . Iulianꝰ
785 1359 1327 1405 notariꝰ curie. Ãno regis nri XI.ᵒ Fnãdꝰ Peti scipsit .
809 1388 1356 1433 qi bnfecit suas casas ⁊ suas heditates uxor sua ⁊ filii sui sint
787 1411 1351 1469 libi ⁊ soluti p foro d Castaiciõ . Et do ub for qd nõ habeatis
782 1439 1078 1486 aliũ seniorem nisi regẽ
789 1469 1340 1518 Ego Alfonsꝰ IIꝰ di gra Port rex una cũ uxore ma reg Dna
788 1501 1356 1547 Vrraca ⁊ filiis nris ĩfantibꝰ Dõno Sancio ⁊ Dõno Alfonso ⁊ Dõna
791 1527 1364 1577 Alionor, hãc cartã ⁊ istud ⁊ istud for q pat ms excellẽtissime
785 1558 1355 1598 memorie rex Dõnꝰ Sanciꝰ fecit ⁊ ꝯcessit pplatoribꝰ d Castaiciõ
794 1578 1366 1626 ꝯcedo ego eis ⁊ ꝯfirmo p hoc sciptũ . Et ut ꝯcessio ⁊ cõfirmacio
796 1614 1373 1656 ma maiꝰ rob obtineat firmitudinis, pcepi hãc cartã scibi ⁊ si
792 1639 1393 1701 gillo mo plũbeo ꝯmuniri . Que carta fuit facta apd Colĩbiam
