3322 2716
138 212 2622 375 rum bonũ sct habẽt homines de Troncoso. Et nõ detis mi neq ad pgeniẽ mam nec ad aliqe hoiem p homicidio ni VII.ᵃ ad palaciũ de CCC.ᵗⁱˢ solidis appeciadura p ꝯcilium ⁊ p manũ de iudice.
138 251 2626 418 ⁊ nullũ pectũ neq ullam calũpniam nõ intret ibi nullo meirino, nisi iudex de ꝯcilio . Et faciãt fossadum la tcia de los caualeiros ⁊ due partes stẽt in Pena de Dono. Et de illa una parte que
135 305 2619 470 habuit a andar in fossadum ⁊ nõ fuit qomo det in fossadeira V sldos in apeciadura . Et nõ faciamꝰ fossadum ni cum nro senior una uice in ãno aut nra uolũtas fuit . Et peones nõ faciãt
142 337 2626 522 fossadum neq clici . Et nõ intret ibi nũciũ nec manaria de nullo qo hoie p for de Pena de Dono. Et qui in tmino de Pena de Dono filiam alienã rausar ext suam uolũtatẽ qomo pectet ad pa
133 398 2638 561 lacium CCC sldos ⁊ exeat homizieiro de suis parẽtibꝰ . Et si aliquis int uos in mercato aut in eccla aut in ꝯcilio plecato a pegon feridam fecit ad suũ uicinũ pctet LX sold ad ꝯcilium p ma
142 432 2638 608 num de iudice. Et de furto qdlibet sedeat que colligat suo dno suo cabdal ⁊ de illa calũpnia diuidat cum iudice p mdium . Et qi domũ hedificauit aut uineas aut suam heditatẽ honorauit
135 495 2642 649 ⁊ uno ãno in illa sedit ⁊ postea ad aliam tram fuit qomo suiat illi tota sua heditas , ui illi habitantes fuerint. Et si qsierit illas uende , uẽdat ad qe uoluit p for de Pena de Dono. Et hoies de Pena de
147 579 2647 746 to qomo in iudicio, ⁊ passẽt sup illos cum duobꝰ iuratoribꝰ . Et illos peones de Pena de Dono qe passẽt super illos cauualeiros uillanos de totis aliis tris in iudicio ⁊ in iuramto cũ duobꝰ iuratoribꝰ . Et
151 645 2629 780 hoies qi de suis tris exierĩt cum homicidio aut cum muliere raussada ul cũ alia calũpnia qlibet sedeat, ni qi nõ aducat mulierẽ alienã de bndcoe , ⁊ tornet se ad senior de Pena de Dono, ⁊
153 688 2635 826 sedeat solto ⁊ defeso p for de Pena de Dono. Et si qi hoies de qibꝰcumq tris cum inimicitate aut cũ pignore uenit ⁊ in tmino de Pena de Dono inttꝰ fuit ⁊ aliqis inimicꝰ post illũ intuit ⁊
149 740 2649 875 pignora tollerit aut male illi fecit , qomo pctet ad senior de Pena de Dono D sldos , ⁊ duplet illa pignora ad suũ dnm aut illos liuores. Et qi hoies de Pena de Dono pignorauit ⁊ in ꝯcilio nõ pecierit
158 785 2644 923 directũ qomo pectet ad seniorem de Pena de Dono LX sldos , ⁊ duplet la pignora ad suũ dnm . Et homines d aliis tris qi caualeiro de Pena de Dono descaualgar qomo pctet illi LX sldos . Et
153 826 2647 968 hoies de Pena de Dono qi los peser ⁊ in pision illos misit qomo pectet illi CCC sldos . Et si hoies de Pena de Dono pendidĩt alios hoies de aliis tris ⁊ in pision illos misit , qomo pctẽt illis V sl . Et si hoies
163 875 2635 1036 de Pena de Dono p qlibet fiadoria a medio ãno illũ nõ reqisierit qd sedeat solto. Et si migtus fuit sint filii et uxor sua libi . Et nõ soluãt hoies de Pena de Dono pignora p senior nc p meirino, nisi
163 925 2644 1066 p suo uicino. Et nõ dẽt pausadam p for de Pena de Dono in casa de caualeiro nc de uiduis nc de clericis, ni p manũ de iudice in casa de peones. Et hoies de Pena de Dono qi hoies tenuĩt in suis he
165 964 2631 1120 ditatibꝰ aut in suis solares, ⁊ nõ fuit ibi suo senior, ueniat ad sinal de iudice ⁊ det fiador a uinida de suo senior ⁊ faciat qd mãdarẽt . ⁊ calũpnia qmlib⁊ fecit sedeat de suo senior ⁊ VII.ᵃ ad pa
151 1052 2640 1195 illũ intrare ⁊ in suo casa lo matare pctet CCC sldos ad parentes del morto. Et qi mulierẽ afforciauit ⁊ illa uoces mittẽdo uenit , ⁊ ille cũ XII nõ potuit se saluare, pctet CCC sl ad mulierẽ ⁊ ad su
167 1102 2653 1253 os parẽtes . Et qi mulierẽ alienã feriret pctet ad suũ maridũ XXX sl ⁊ VII.ᵃ ad palaciũ . Et hoies de Pena de Dono qi fiadores parar p q calũpnia illũ pecierĩt ⁊ fiador outorgar cum duobꝰ ui
160 1161 2656 1301 cinis ⁊ ille nõ qesierit collige fiador, ⁊ sup ipm occidit , nos totũ ꝯciliũ pctabimꝰ ipm homicidiũ . Et palaciũ regis ul epi habeãt calũpniã , ⁊ tota alia uilla habeat unũ for ⁊ aliud pala
156 1204 2653 1342 cium nõ habeat calũpniam . Et hoies de Pena de Dono qi fiador intrar ⁊ ꝯtentor habuit , ql fiadoria fiar talẽ pectet. Et si ꝯtẽtor habuit mittat illũ in manꝰ ⁊ exeat de fiadoria. ⁊ de
151 1256 2639 1391 suspecta de X sl ad riba cognominet XII uicinos in redor sua casa ⁊ iuret cũ duobꝰ de eis ⁊ exeat de calũpnia . Et de X sl a iuso iuret si alto qles inuenit qd uicinos sedeãt . Et toto hoie
158 1299 2624 1441 de Pena de Dono qi se tornauit ad aliũ seniorẽ qi bnfecit ei suas casas ⁊ suas heditates , ⁊ uxor sua ⁊ filii sint libi ⁊ soluti p for de Pena de Dono. Et do ub for qd nõ habeatis aliũ seniorẽ
163 1319 2635 1487 ni regẽ aut suũ filliũ aut qe uos ꝯciliũ qsieritis . Et toto hoie d Pena de Dono qi desardadꝰ fuit ⁊ suam manũ nõ lo pctar , qomo se torne ad suam heditatẽ si illa qesierit sine calũpnia . Et
172 1362 2649 1532 toto hoie de Pena de Dono qi heditatẽ habuit in alia tra nõ faciat fossadũ , ni p for de Pena de Dono. Et toto hoie d Pena de Dono qi habuit mulierẽ ad bndcoem ⁊ laxauit eam qomo pctet
160 1414 2631 1588 ad iudicẽ I d . Et si mulier suũ uirũ relinquerit qe habuit ad bndcoem ut pectet CCC sl , medios ad palaciũ ⁊ mdios ad uirũ suũ . Et d casa derrota cũ scudos, spadas ⁊ lanceas, qi la derroper
165 1464 2615 1634 pctet CCC sl , mdios ad dono d casa ⁊ mdios ad palaciũ . Et qi dedit ad suũ uicinũ cũ spada pectet XL solidos et XL sl ⁊ VII.ᵃ ad pal . Et qi dedit cũ lanca ad suũ uicinũ ⁊ exierit de una parte ad aliam pctet
176 1502 2615 1679 XX sl ⁊ VII.ᵃ ad palaciũ , ⁊ si nõ exierit pctet X sl ⁊ VII ad palaciũ . Et de plaga unde os exierit cada osso X sl ⁊ VII ad palaciũ . ⁊ de plaga alia V sl ⁊ VII ad palaciũ . Et p tota pignora si
181 1548 2610 1708 ue de ꝯcilio siue de palacio colligat fiador sup illa p ad for . Et do ub for qd nõ habeat nullam deuesam nc nullo mõte nc nullo pelago, ni de toto ꝯcilio . Et illo mõtadigo de tmino de Pena
181 1577 2629 1760 de Dono mõten lo caualeiros de Pena de Dono cũ suo senior ⁊ pendãt ind tciam partẽ . Et nullo ganado de Pena de Dono nõ sit mõtadp . Et de portatico de pan ⁊ de uino, de carrega III m .
183 1634 2626 1810 Et de caualo ⁊ de mulo, qi lo uendidit I sl . ⁊ de boue ⁊ de asino VI d . De carneiro aut de cabra aut de porco III meal . Et de toto portatico qi a Pena de Dono uenit pendat suo hospite tciã .
174 1776 441 1835 Era M.ᵃ CC.ᵃ XXX.ᵃ III.ᵃ.
166 1724 2624 1883 Ego Alfonsus Di gra Portugalen rex una cum uxore ma regina Leitura duvidosa esbatidoDna Vrraca ⁊ filiis nostros infantibus Dno Sancio ⁊ Dõno Alfonso ⁊ Dõna Alionor, ꝯcedo ⁊ ꝯfirmo ub pplatoribꝰ de Pena de
178 1774 2633 1937 Dono istam cartã ⁊ istud for qd ub dedit pat ms inclite memorie rex Dõnꝰ Sanciꝰ . Et ut factum meum firmiꝰ robur optineat, pecepi fieri istam cartã ⁊ eam feci mo sigillo plũbep ꝯmuniri .
174 1833 2631 1984 Facta carta mense Octobis apd Troncosum e M.ᵃ CC.ᵃ L.ᵃ V.ᵃ. Nos reges supnnati qi hanc cartam fieri pecepimꝰ coram subsciptiis eam roborauimꝰ ⁊ in ea h signa fecimus +++++.
190 1953 403 2009 Qi affuerunt:
174 1917 799 2052 Domnꝰ Martinꝰ Ihnis signif dni regis ꝯf .
174 1975 806 2098 Domnꝰ Petrꝰ Ihnis maiordomꝰ curie ꝯf .
187 2055 527 2145 Domnꝰ Laurenciꝰ Suarii
190 2098 525 2184 Domnꝰ Gomciꝰ Suarii
201 2143 486 2209 Domnꝰ Gil Valasqiz
197 2170 545 2245 Domnꝰ Fnandꝰ Fnadii
208 2224 517 2288 Domnꝰ Ihns Fnandii
217 2261 493 2317 Domnꝰ Rodicꝰ Mdiz
208 2297 475 2362 Domnꝰ Lopꝰ Alfonsi
217 2322 529 2399 Domnꝰ Ponciꝰ Alfonsi
221 2376 448 2437 Vincẽciꝰ Mdiz
226 2408 423 2476 Petrꝰ Garsie
228 2444 409 2506 Ihnes Plgii
647 2344 704 2455 ts .
1970 1871 2481 1964 Domnꝰ Stephanꝰ Bracaren archieps
1974 1907 2348 1966 Domnꝰ Martinꝰ Portug eps
1965 1932 2350 2016 Domnꝰ Ptrꝰ Colimbien eps
1956 1980 2348 2043 Domnꝰ Suariꝰ Vlixbon eps
1958 2016 2325 2089 Domnꝰ Suariꝰ Elboren eps
1956 2057 2352 2125 Domnꝰ Plgius Lamecen eps
1954 2095 2357 2168 Domnꝰ Bartolomeꝰ Visen eps
1954 2132 2400 2206 Domnꝰ Martinꝰ Egitanien eps
2572 1903 2617 2000 ꝯf .
1949 2172 2350 2256 Mgr Plgius cantor Port
1949 2218 2201 2281 Martinꝰ Peti
1954 2258 2225 2365 Suariꝰ Stephaniz
2445 2213 2499 2322 ts .
867 2265 1582 2405 Gunsaluus Mdi cancellariꝰ curie.
1209 2371 1523 2435 Fnandꝰ scripsit.
137 117 2592 271 In nne sancte ⁊ indiuidue tinitatis patis ⁊ flii ⁊ sps sci . Vniꝰ sũmi Di facimꝰ cartã istã in ipiꝰ nne tinitatis . Ego rex S. Portugalen parit cum filiis mis ⁊ filias ub hoies de
131 162 2637 323 Pena de Dono qi ibi nũc pplatores estis p mãdatum mm ⁊ de filiis mis , siue qi uenĩt ad pplandum , facimꝰ ub cartam sct ⁊ fecimꝰ p scipturã ⁊ p peceptum nrm firmit teneatis ut habeatis fo
140 540 2642 690 Dono qi habuĩt iudiciũ ul aiuntam cũ hoibꝰ de aliis tris habeãt illos in cabos de suis tminis . Et dono ub for qd stet caualeiro de Pena de Dono p infanzon de totis aliis tris siue in iuram
153 1011 2653 1147 lacium. ⁊ nõ suiat a nullo hoie ni ad suo senior in cuiꝰ solar souer. Et sua senara aut suas uineas del rei tall couto habeãt qle uicino de Pena de Dono. Et qi uicinũ occidit ⁊ in sua casa fugit , qi post
