<?xml version='1.0' encoding='utf-8'?>
<PcGts xmlns="http://schema.primaresearch.org/PAGE/gts/pagecontent/2019-07-15" xmlns:xsi="http://www.w3.org/2001/XMLSchema-instance" xsi:schemaLocation="http://schema.primaresearch.org/PAGE/gts/pagecontent/2019-07-15 http://schema.primaresearch.org/PAGE/gts/pagecontent/2019-07-15/pagecontent.xsd">
  <Metadata>
	<Creator>escriptorium</Creator>
	<Created>2024-03-04T16:00:34.426486+00:00</Created>
        <LastChange>2024-03-04T16:00:34.426596+00:00</LastChange>

  </Metadata>
  <Page imageFilename="1.jpg" imageWidth="1761" imageHeight="2311">

    
    <TextRegion id="eSc_textblock_737a3ffc" custom="structure {type:text;}">
      <Coords points="1694,25 1719,56 1725,101 1642,138 1627,323 1647,410 1642,640 1658,712 1709,754 1709,1169 1740,1258 1694,1314 1689,1360 1689,1410 1725,1427 1730,1472 1668,1602 1668,1826 1699,1864 1694,1939 1637,2002 1642,2022 1606,2042 1349,2011 950,2006 868,2016 815,2063 729,2073 673,2068 646,2022 610,2011 138,2001 123,1986 118,1868 123,1504 87,1498 77,1472 123,1446 133,595 128,513 46,476 51,446 113,445 113,236 128,205 102,173 102,87 154,61 400,35 1100,25" />
      
      
      <TextLine id="eSc_line_d9bbb630" custom="structure {type:default;}">
        <Coords points="1425,25 1406,25 1387,25 1367,25 1366,25 1294,26 1287,25 1271,25 1252,25 1233,25 1219,25 1188,30 1175,25 1156,25 1140,25 1138,26 1132,32 1080,32 1053,26 1044,25 1040,25 1021,25 1001,25 982,25 976,25 967,28 936,38 901,28 892,26 886,26 867,26 855,26 849,30 816,44 728,44 709,32 705,30 693,30 685,30 683,32 674,38 655,32 647,30 635,30 616,32 606,34 570,40 389,38 387,38 385,38 383,38 367,50 337,40 329,40 331,107 331,121 574,117 576,117 578,117 578,115 579,115 579,113 585,107 589,113 591,113 591,115 593,115 595,115 597,115 599,115 608,113 647,98 668,109 672,113 674,113 676,113 678,113 703,107 782,90 799,103 803,107 805,107 807,107 809,109 847,109 847,107 849,107 851,107 859,102 888,84 988,84 999,94 1001,94 1003,94 1005,94 1007,94 1009,94 1026,82 1046,94 1057,102 1059,102 1061,102 1067,100 1077,92 1094,80 1171,86 1173,86 1175,86 1211,77 1269,84 1310,90 1312,90 1314,90 1329,82 1340,77 1441,77 1443,63 1437,25 1425,25" />
        <Baseline points="332,109 626,86 824,82 956,70 1445,64" />
        <TextEquiv>
          <Unicode>Aa vila d Fresno. Forall p q lhe el Rey Dom Afomso comcedeo</Unicode>
        </TextEquiv>
      </TextLine>

      
      
      <TextLine id="eSc_line_e9335775" custom="structure {type:default;}">
        <Coords points="1088,69 1075,69 1021,77 965,75 907,73 895,75 876,77 857,78 853,78 843,86 836,90 809,88 732,82 730,82 728,82 685,98 676,102 668,100 628,90 626,90 624,90 622,90 620,90 595,105 591,109 543,111 531,111 414,105 412,105 410,105 358,123 362,155 362,163 1053,123 1055,123 1109,107 1109,100 1102,69 1088,69" />
        <Baseline points="363,157 1081,105 1111,102" />
        <TextEquiv>
          <Unicode>a dita vila com seus termos declarados.</Unicode>
        </TextEquiv>
      </TextLine>

      
      
      <TextLine id="eSc_line_ed6440f8" custom="structure {type:default;}">
        <Coords points="137,213 138,225 355,224 357,224 369,218 373,216 378,218 395,223 396,223 398,223 435,216 488,206 563,210 565,210 566,210 579,204 621,210 660,215 661,215 662,215 689,207 716,200 814,202 815,202 1012,191 1055,195 1102,200 1103,200 1104,200 1125,192 1143,186 1188,186 1218,190 1272,197 1274,197 1301,196 1302,196 1303,196 1319,186 1326,182 1338,186 1357,192 1358,192 1360,192 1361,192 1389,184 1405,179 1415,183 1437,192 1438,192 1439,192 1491,191 1582,177 1583,163 1579,132 1510,116 1509,116 1429,136 1415,138 1402,136 1324,121 1322,121 1208,142 1180,147 1033,150 1026,146 996,132 995,132 965,132 964,132 963,132 962,132 950,139 931,133 929,133 928,133 927,133 883,150 693,155 660,141 658,141 657,141 414,148 413,148 367,165 349,172 215,174 192,169 164,164 163,164 161,164 134,170 137,213" />
        <Baseline points="137,213 331,207 521,192 1583,163" />
        <TextEquiv>
          <Unicode>Al di gra rex Port ⁊ comes Bolon ub alcaldibꝰ ⁊ concilio d Moas satẽ . Sciatis q ego</Unicode>
        </TextEquiv>
      </TextLine>

      
      
      <TextLine id="eSc_line_762ed691" custom="structure {type:default;}">
        <Coords points="134,261 134,274 222,273 223,273 224,273 226,272 238,264 263,270 267,272 268,272 269,272 391,268 393,268 396,267 418,258 482,264 502,265 503,265 504,265 506,265 509,263 525,254 581,260 602,263 603,263 629,259 696,249 728,256 732,256 733,256 744,255 791,250 814,254 836,256 837,256 888,251 977,241 1022,246 1050,250 1051,250 1080,245 1121,236 1204,236 1229,240 1257,245 1258,245 1321,242 1322,242 1339,237 1356,229 1456,228 1468,232 1483,238 1484,238 1486,238 1487,238 1506,231 1515,228 1534,231 1578,236 1579,236 1624,227 1626,216 1623,187 1555,174 1554,174 1552,174 1524,187 1488,182 1487,182 1486,182 1459,190 1398,178 1397,178 1396,178 1347,193 1328,188 1326,188 1325,188 1186,197 1159,186 1158,186 1157,186 1072,187 1071,187 1019,202 1018,202 1016,202 929,191 928,191 786,195 784,195 759,205 718,197 716,197 715,197 669,211 604,200 603,200 602,200 576,207 461,204 459,204 399,214 336,213 335,213 333,213 310,222 308,223 133,225 134,261" />
        <Baseline points="134,261 271,258 440,243 1132,219 1626,216" />
        <TextEquiv>
          <Unicode>concedo ub uros foros ⁊ uros diretos sic meliꝰ habuistis in tẽpore pats mi ⁊ aui mei ⁊ tenebo uos ad iꝰticiã</Unicode>
        </TextEquiv>
      </TextLine>

      
      
      <TextLine id="eSc_line_395082df" custom="structure {type:default;}">
        <Coords points="125,302 125,319 296,314 297,314 349,301 400,301 426,310 427,310 429,310 430,310 431,310 450,299 522,308 525,308 526,308 607,305 630,304 631,304 662,292 701,301 702,301 703,301 737,292 774,300 775,300 777,300 779,300 829,292 911,296 923,296 924,296 926,296 928,296 973,282 1174,278 1190,285 1191,285 1193,285 1194,285 1195,285 1208,276 1351,273 1401,281 1409,282 1410,282 1411,282 1412,282 1414,281 1429,272 1455,279 1459,281 1460,281 1461,281 1474,279 1554,267 1614,274 1617,258 1614,227 1331,224 1330,224 1245,236 1233,237 1227,236 1197,228 1195,228 1194,228 1104,231 1060,241 1050,242 1037,241 981,234 980,234 935,243 920,246 856,246 670,243 669,243 622,251 602,255 578,252 524,247 522,247 521,247 504,255 500,256 495,255 482,251 481,251 480,251 479,251 464,256 459,258 454,256 440,250 439,250 438,250 378,258 342,264 123,264 125,302" />
        <Baseline points="125,302 231,301 418,286 1153,260 1617,258" />
        <TextEquiv>
          <Unicode>⁊ dirctum urm ⁊ d illis militibꝰ quos michi misistis dice q timebatis uos d illis by cdatis q ego dfendã uos</Unicode>
        </TextEquiv>
      </TextLine>

      
      
      <TextLine id="eSc_line_acd83e35" custom="structure {type:default;}">
        <Coords points="127,341 127,365 269,351 355,358 357,358 358,358 382,347 427,354 429,354 486,345 622,350 624,350 720,336 868,333 926,341 928,341 929,341 931,341 932,341 973,329 1082,336 1085,336 1086,336 1100,336 1135,333 1136,333 1138,333 1152,324 1215,332 1218,332 1220,332 1221,332 1222,332 1251,322 1303,329 1307,329 1308,329 1310,329 1312,329 1355,318 1394,326 1396,326 1572,320 1572,302 1567,261 1477,277 1400,272 1398,272 1289,282 1233,272 1226,272 1225,272 1197,273 1195,273 1194,273 1175,285 1123,279 1122,279 1121,279 1095,290 926,292 896,285 895,285 893,285 752,297 694,291 675,288 674,288 673,288 661,291 621,302 565,295 553,294 552,294 551,294 544,295 525,301 490,297 466,295 464,295 443,299 423,302 335,302 249,302 247,302 246,302 236,306 208,315 125,310 127,341" />
        <Baseline points="127,341 1127,306 1572,302" />
        <TextEquiv>
          <Unicode>d illos ⁊ d alter aliqis qi ub uoluit face malũ ⁊ tortũ . Dat Vimaran XI die Apilis e M.ᵃ CC.ᵃ LXXX.ᵃ VI.ᵃ.</Unicode>
        </TextEquiv>
      </TextLine>

      
      
      <TextLine id="eSc_line_cf6b1403" custom="structure {type:default;}">
        <Coords points="119,382 119,404 169,399 184,404 193,406 195,406 196,406 197,406 199,406 202,403 210,396 232,403 244,405 245,405 246,405 247,405 249,405 254,401 268,392 351,390 404,391 409,396 412,399 412,400 413,400 414,400 416,400 507,396 508,396 515,394 534,385 549,392 552,365 549,342 448,340 446,340 445,340 414,347 404,350 399,349 382,342 381,342 380,342 378,342 377,342 368,350 366,351 344,351 282,349 281,349 280,349 278,349 278,350 273,354 272,356 170,359 169,359 151,351 150,351 148,351 147,351 118,359 119,382" />
        <Baseline points="119,382 552,365" />
        <TextEquiv>
          <Unicode>Et ista carta tenebat sigllm</Unicode>
        </TextEquiv>
      </TextLine>

      
      
      <TextLine id="eSc_line_8d87b51d" custom="structure {type:default;}">
        <Coords points="121,433 121,458 312,452 314,452 315,452 333,441 458,448 483,448 485,448 487,448 493,446 522,435 601,442 630,444 631,444 633,444 635,444 639,441 653,431 674,439 683,442 685,442 687,442 689,442 703,439 722,433 749,437 778,441 780,441 840,433 915,423 944,429 974,435 976,435 1017,425 1050,419 1084,423 1132,429 1134,429 1310,423 1312,423 1333,414 1339,412 1379,412 1577,417 1579,417 1581,417 1626,402 1626,389 1624,350 1593,340 1591,340 1589,340 1539,352 1510,360 1410,360 1400,356 1383,346 1381,346 1379,346 1294,358 1235,365 1192,360 1140,354 1138,354 1088,363 1046,371 1030,365 1015,358 1013,358 1011,358 905,367 880,369 863,369 791,363 789,363 716,367 714,367 712,367 707,373 695,381 674,373 660,369 658,369 657,369 655,369 653,369 647,375 635,383 556,377 529,375 527,375 525,375 524,375 522,377 504,389 418,389 391,381 383,379 381,379 379,379 377,379 369,381 344,392 184,396 119,389 121,433" />
        <Baseline points="123,434 854,401 1628,390" />
        <TextEquiv>
          <Unicode>In nne ste ⁊ indiuidue tinitatis uidelicet patis ⁊ filii ⁊ spu sci , amen. Ego rex Al regi Potugalẽsis una cum uxore</Unicode>
        </TextEquiv>
      </TextLine>

      
      
      <TextLine id="eSc_line_70fbef3f" custom="structure {type:default;}">
        <Coords points="147,475 147,484 206,494 208,494 309,481 315,481 318,481 348,489 349,489 350,489 389,480 398,478 408,480 446,485 448,485 449,485 450,485 459,478 463,476 540,476 549,477 587,485 588,485 589,485 616,476 622,473 720,473 728,475 769,482 770,482 816,472 834,469 855,472 904,478 905,478 980,469 1018,466 1027,469 1044,476 1045,476 1046,476 1048,476 1071,468 1081,466 1093,468 1123,475 1125,475 1126,475 1144,467 1154,463 1184,467 1203,468 1204,468 1251,466 1335,459 1358,463 1391,469 1392,469 1638,458 1640,442 1637,417 1568,408 1567,408 1451,418 1393,409 1392,409 1240,423 1235,423 1231,423 1114,415 1113,415 1019,427 1018,427 1016,427 958,418 956,418 847,421 846,421 815,431 810,433 615,436 610,435 589,428 588,428 587,428 585,428 557,436 549,437 540,436 498,428 497,428 425,436 371,431 369,431 368,431 341,440 331,444 146,444 147,475" />
        <Baseline points="147,475 824,453 1640,442" />
        <TextEquiv>
          <Unicode>ma regina intenda filia comitis c temociana ⁊ p concilium d Fnã Melendis ⁊ adiutorium d Gonsaluo d Sousa una</Unicode>
        </TextEquiv>
      </TextLine>

      
      
      <TextLine id="eSc_line_e1303a42" custom="structure {type:default;}">
        <Coords points="151,518 151,544 220,534 254,541 255,541 256,541 258,541 281,535 385,539 390,539 391,539 393,539 421,528 452,535 453,535 576,525 729,531 737,531 738,531 741,531 792,521 867,528 876,528 877,528 878,528 882,527 918,518 985,526 994,526 995,526 1005,525 1072,516 1112,522 1118,523 1120,523 1121,523 1125,522 1149,513 1225,519 1239,521 1240,521 1260,519 1362,508 1394,516 1398,517 1400,517 1401,517 1425,516 1518,508 1528,513 1531,514 1532,514 1533,514 1592,513 1594,513 1595,513 1597,512 1608,505 1624,510 1628,490 1626,459 1468,457 1466,457 1410,463 1400,464 1392,464 1333,455 1331,455 1292,464 1256,457 1254,457 1253,457 1233,464 1202,458 1200,458 1132,469 1130,469 1126,469 1042,466 1041,466 936,473 915,466 914,466 818,466 816,466 815,466 774,477 759,472 757,472 756,472 716,478 661,469 660,469 515,472 453,485 450,485 448,485 348,476 346,476 345,476 322,486 150,491 151,518" />
        <Baseline points="151,518 1207,494 1628,490" />
        <TextEquiv>
          <Unicode>parit c filiis nris qi exierĩt a nb , ub homines d Fresno qi ibidẽ pplatores estis, siue illis qi uenit ad populandum faci</Unicode>
        </TextEquiv>
      </TextLine>

      
      
      <TextLine id="eSc_line_1715afca" custom="structure {type:default;}">
        <Coords points="150,557 150,573 337,568 348,571 363,575 364,575 366,575 367,575 377,571 387,566 408,570 434,575 435,575 436,575 450,570 459,566 485,568 530,573 531,573 602,567 652,562 712,562 721,564 738,571 739,571 741,571 742,571 743,571 753,564 760,561 787,563 838,570 840,570 908,562 940,558 1010,558 1016,559 1033,567 1035,567 1036,567 1037,567 1060,559 1068,555 1149,555 1167,557 1230,564 1231,564 1315,554 1334,553 1343,554 1378,562 1379,562 1520,561 1522,561 1542,554 1592,559 1594,559 1595,559 1629,549 1629,537 1626,503 1550,504 1549,504 1513,514 1461,505 1450,504 1448,504 1447,504 1442,505 1420,516 1400,507 1392,504 1391,504 1389,504 1388,504 1376,508 1365,510 1334,508 1297,505 1296,505 1294,505 1281,509 1258,517 1200,510 1156,507 1154,507 1153,507 1138,512 1118,521 937,522 878,518 798,512 797,512 743,521 732,522 721,521 673,513 671,513 561,514 502,516 500,516 476,526 472,528 305,530 246,530 223,523 222,523 220,523 148,532 150,557" />
        <Baseline points="150,557 1629,537" />
        <TextEquiv>
          <Unicode>mus cartulam sic ⁊ fecimꝰ p sciptam ⁊ pceptum nrm firmit teneatis ut habeatis foro bono sit habẽt alios ho</Unicode>
        </TextEquiv>
      </TextLine>

      
      
      <TextLine id="eSc_line_edfd8585" custom="structure {type:default;}">
        <Coords points="148,595 150,616 177,609 256,616 269,616 271,616 272,616 274,616 295,608 357,614 363,614 364,614 366,614 367,614 399,605 454,612 455,612 457,612 488,604 622,611 624,611 753,603 771,611 774,612 775,612 777,612 793,611 882,602 926,609 928,609 929,609 936,609 1040,602 1077,608 1086,609 1087,609 1234,608 1235,608 1238,607 1253,600 1288,607 1299,608 1301,608 1319,607 1355,602 1447,605 1501,607 1502,607 1518,604 1561,597 1627,603 1629,584 1627,550 1560,558 1522,552 1515,550 1514,550 1513,550 1509,552 1482,561 1365,553 1334,552 1333,552 1321,554 1281,562 1206,555 1176,553 1175,553 1174,553 1167,555 1150,563 1132,557 1126,554 1125,554 1053,554 1051,554 1050,554 1044,557 1031,564 983,564 901,559 860,557 859,557 842,559 816,566 804,561 795,557 793,557 792,557 765,561 733,566 665,562 587,558 585,558 558,563 540,567 485,564 378,559 377,559 376,559 363,566 357,570 274,570 269,567 256,562 255,562 254,562 147,568 148,595" />
        <Baseline points="148,595 868,584 1629,584" />
        <TextEquiv>
          <Unicode>mines cũ meliores foros. Et nõ dtis michi nec a pgenie mee nec a nullo homine p homicidio ni septima adpciada</Unicode>
        </TextEquiv>
      </TextLine>

      
      
      <TextLine id="eSc_line_cb4ed6b4" custom="structure {type:default;}">
        <Coords points="138,647 138,661 213,653 241,659 242,659 244,659 247,659 353,652 450,657 463,657 464,657 470,657 504,649 587,654 622,657 624,657 683,653 787,647 904,650 969,652 971,652 986,649 1005,645 1026,648 1058,653 1059,653 1096,648 1120,644 1162,647 1254,652 1256,652 1257,652 1272,644 1433,641 1450,641 1549,649 1550,649 1624,639 1626,630 1623,600 1581,595 1579,595 1538,600 1510,604 1486,602 1442,595 1441,595 1406,602 1387,605 1365,603 1324,597 1322,597 1321,597 1306,603 1299,607 1209,607 1190,604 1149,598 1148,598 969,605 807,600 806,600 759,608 744,612 658,612 656,609 638,602 637,602 635,602 579,611 567,612 543,611 430,604 429,604 427,604 414,611 371,605 369,605 283,613 269,614 264,613 236,607 235,607 233,607 232,607 210,614 208,616 137,616 138,647" />
        <Baseline points="138,647 644,632 1626,630" />
        <TextEquiv>
          <Unicode>p concilio ⁊ p manu d iudice. Et nullo pcto nec nulll nulla callũnia nõ intret ibi mo meyrino ni iudice d uro concilio.</Unicode>
        </TextEquiv>
      </TextLine>

      
      
      <TextLine id="eSc_line_3ec883f0" custom="structure {type:default;}">
        <Coords points="140,681 140,697 297,695 306,697 331,703 332,703 333,703 335,703 349,697 359,693 369,697 381,702 382,702 384,702 438,697 486,693 495,697 503,701 504,701 506,701 530,697 551,694 585,697 629,701 630,701 631,701 642,697 656,692 784,697 796,697 797,697 802,697 868,690 946,697 983,699 985,699 1021,697 1094,690 1122,697 1131,698 1132,698 1143,697 1181,689 1200,697 1204,698 1206,698 1207,698 1217,697 1251,689 1274,697 1275,697 1276,697 1278,697 1279,697 1280,697 1299,688 1338,695 1339,695 1340,695 1362,688 1483,695 1484,695 1486,695 1504,686 1635,695 1637,672 1636,649 1604,640 1603,640 1601,640 1600,640 1574,649 1502,649 1477,639 1475,639 1474,639 1397,649 1278,640 1276,640 1191,650 789,643 788,643 787,643 770,650 755,644 753,644 752,644 562,650 540,645 539,645 538,645 536,645 511,653 422,645 421,645 420,645 403,653 332,649 331,649 330,649 306,656 237,647 236,647 235,647 214,657 138,657 140,681" />
        <Baseline points="140,681 1637,672" />
        <TextEquiv>
          <Unicode>Et uos homines d Fresno nõ faciatis fossado nec dtis fossadira p q estis in fronteira. Ergo si uenĩt mauros aut malos</Unicode>
        </TextEquiv>
      </TextLine>

      
      
      <TextLine id="eSc_line_b75b2e10" custom="structure {type:default;}">
        <Coords points="140,727 140,744 373,743 386,742 426,735 515,739 560,742 561,742 580,739 630,730 674,735 675,735 852,727 1218,727 1229,730 1260,738 1261,738 1262,738 1480,730 1515,736 1516,736 1518,736 1546,727 1595,733 1596,733 1636,724 1637,716 1636,689 1549,681 1547,681 1491,689 1480,689 1471,689 1419,683 1418,683 1269,689 1209,690 1204,689 1193,683 1191,683 1190,683 1122,689 1109,689 1105,689 1087,683 1086,683 1085,683 1044,689 1018,693 882,693 868,689 851,684 850,684 849,684 742,689 610,694 500,689 457,686 455,686 443,689 411,694 317,689 315,689 210,695 138,689 140,727" />
        <Baseline points="140,727 700,716 1637,716" />
        <TextEquiv>
          <Unicode>xpianos a la trra socorrelos a podr et nõ intret ibi nũcio nec maneria d nullo homo p foro de Fresno. Et q ĩ tmino</Unicode>
        </TextEquiv>
      </TextLine>

      
      
      <TextLine id="eSc_line_d3082a6e" custom="structure {type:default;}">
        <Coords points="138,770 138,784 340,785 341,785 357,783 403,775 617,780 619,780 620,780 640,774 697,780 721,783 723,783 737,780 766,774 800,779 827,784 828,784 858,779 888,774 922,779 959,784 960,785 1105,785 1105,784 1107,784 1125,778 1138,772 1317,772 1325,775 1343,783 1344,783 1346,783 1347,783 1374,775 1385,772 1421,775 1533,783 1534,783 1536,783 1555,774 1559,772 1622,772 1624,761 1622,725 1536,726 1534,726 1496,738 1378,738 1353,727 1349,726 1348,726 1347,726 1334,727 1267,739 1130,739 1116,730 1109,727 1108,727 1076,727 1075,727 1073,727 1063,731 1040,739 1017,731 1003,727 1001,727 913,727 911,727 910,727 893,733 876,739 859,734 842,727 841,727 840,727 759,735 748,735 743,735 697,727 696,727 694,727 670,735 660,739 649,736 624,727 622,727 621,727 566,736 544,740 522,738 458,729 457,729 455,729 429,739 422,742 353,742 350,739 333,731 332,731 331,731 330,731 304,739 274,731 273,731 272,731 271,731 240,742 137,742 138,770" />
        <Baseline points="138,770 594,760 1624,761" />
        <TextEquiv>
          <Unicode>d Fresno filia aliena rapuit extra sua uolũtate q pctet a rrãcuroso XXX mo ⁊ exeat homicieiro. Dono atq mãdo</Unicode>
        </TextEquiv>
      </TextLine>

      
      
      <TextLine id="eSc_line_aa7ba32e" custom="structure {type:default;}">
        <Coords points="136,806 136,820 358,830 360,830 362,830 393,820 404,818 508,820 641,824 643,824 645,824 658,820 678,814 685,820 693,826 695,826 697,826 699,826 701,826 712,820 726,814 743,820 761,826 762,826 764,826 766,826 778,820 789,814 867,820 899,822 901,822 903,822 905,822 907,820 919,812 969,820 999,824 1001,824 1003,824 1015,820 1034,812 1082,820 1100,822 1102,822 1103,822 1109,820 1125,812 1200,820 1211,820 1213,820 1225,820 1335,808 1373,820 1377,820 1379,820 1381,820 1391,820 1481,806 1508,818 1510,818 1512,820 1651,820 1651,797 1647,762 134,772 136,806" />
        <Baseline points="138,808 1211,797 1652,798" />
        <TextEquiv>
          <Unicode>ĩ toto mo regno p ubi habuĩt heditates ⁊ seruiãt eis ĩ Fresno. Mando qui militẽ d Fresno occidit p mil solidos.</Unicode>
        </TextEquiv>
      </TextLine>

      
      
      <TextLine id="eSc_line_315002a5" custom="structure {type:default;}">
        <Coords points="145,848 145,865 301,870 303,870 360,864 377,862 386,864 411,869 412,869 445,864 452,862 457,864 480,869 481,869 482,869 526,862 562,857 584,862 598,865 599,865 601,865 607,862 617,857 661,861 674,862 675,862 676,862 679,861 692,855 847,855 872,860 891,864 892,864 893,864 906,860 922,855 963,858 994,862 995,862 1022,858 1057,853 1076,858 1095,864 1096,864 1098,864 1153,857 1191,853 1204,857 1221,862 1222,862 1224,862 1225,862 1240,857 1256,852 1287,856 1328,862 1329,862 1330,862 1331,862 1342,856 1348,852 1362,856 1380,861 1382,861 1383,861 1606,853 1608,837 1604,812 1491,812 1473,806 1471,806 1470,806 1406,812 1380,802 1379,802 1378,802 1334,808 1186,804 1185,804 1184,804 1148,815 1147,816 1117,816 1060,816 1046,808 1045,808 1044,808 1042,808 1028,815 978,806 908,806 906,806 905,806 884,813 865,806 864,806 863,806 820,813 802,807 801,807 679,807 678,807 642,815 484,808 482,808 436,815 394,810 393,810 391,810 369,821 143,822 145,848" />
        <Baseline points="145,848 823,839 1608,837" />
        <TextEquiv>
          <Unicode>Et si eum desornauit p D sols , medios ad militẽ ⁊ medios ad palacio. Et p istum pignorẽ sine totis calupniis. S peones in</Unicode>
        </TextEquiv>
      </TextLine>

      
      
      <TextLine id="eSc_line_dd86af92" custom="structure {type:default;}">
        <Coords points="146,891 146,901 209,910 210,910 267,901 271,901 274,901 321,910 322,910 323,910 349,903 387,908 389,908 390,908 405,901 411,898 471,901 644,907 646,907 703,906 705,906 719,900 728,896 761,900 778,901 779,901 865,900 1044,894 1054,898 1067,903 1068,903 1069,905 1166,905 1166,903 1167,903 1186,898 1195,896 1203,898 1218,902 1220,902 1221,902 1222,902 1235,898 1248,893 1270,897 1294,902 1296,902 1632,896 1632,879 1629,849 1376,856 1335,852 1257,844 1256,844 1254,844 1253,844 1239,853 1233,857 1204,857 1193,853 1156,846 1154,846 1108,853 1080,846 1078,846 1077,846 1013,852 910,847 909,847 908,847 893,853 694,848 693,848 692,848 657,860 656,860 631,849 630,849 629,849 556,856 536,851 535,851 534,851 533,851 509,861 507,864 400,864 399,862 381,853 380,853 330,852 328,852 327,852 299,864 299,865 145,865 146,891" />
        <Baseline points="146,891 822,879 1632,879" />
        <TextEquiv>
          <Unicode>morte aut in feridas aut in rouso unũ forum habeamꝰ ĩ uilla. Et dono ub foro qd stet caualo d Freyxeno p infanzon d</Unicode>
        </TextEquiv>
      </TextLine>

      
      
      <TextLine id="eSc_line_f4d7ebae" custom="structure {type:default;}">
        <Coords points="156,938 156,947 258,957 259,957 336,956 390,944 395,943 606,942 607,942 624,951 625,951 679,952 680,952 828,950 829,950 861,942 888,948 890,948 891,948 892,948 911,939 914,938 923,939 994,948 995,948 996,948 1014,939 1087,947 1089,947 1090,947 1111,939 1170,946 1171,946 1262,935 1287,943 1288,943 1289,943 1338,934 1340,933 1492,932 1498,932 1528,938 1529,938 1606,930 1608,917 1605,893 1356,891 1355,891 1329,894 1308,897 1290,894 1243,887 1242,887 1240,887 1211,894 1198,898 1166,896 1131,892 1130,892 1091,896 1076,897 1071,896 1053,889 1051,889 1050,889 973,896 795,892 793,892 694,898 575,906 529,901 527,901 364,908 335,901 327,898 326,898 324,898 308,901 250,910 155,902 156,938" />
        <Baseline points="156,938 710,924 1608,917" />
        <TextEquiv>
          <Unicode>alias tras in iudicio ⁊ in iuramento troncat sup illos caualos uilanos d alias trras in iudicio ⁊ in iuramento cum</Unicode>
        </TextEquiv>
      </TextLine>

      
      
      <TextLine id="eSc_line_777ea19e" custom="structure {type:default;}">
        <Coords points="155,982 155,988 277,997 278,997 405,989 581,993 583,993 610,987 619,986 635,987 671,991 673,991 674,991 685,987 694,984 730,987 783,991 784,991 786,991 793,987 801,983 840,987 863,988 864,988 904,986 980,982 1003,986 1023,989 1025,989 1026,989 1040,986 1059,980 1116,986 1150,988 1152,988 1153,988 1165,986 1185,980 1221,986 1238,987 1239,987 1256,984 1307,978 1384,984 1403,986 1405,986 1412,984 1451,977 1497,984 1502,984 1504,984 1614,983 1614,965 1610,941 1483,941 1441,928 1439,928 1438,928 1331,929 1234,943 1108,932 1107,932 1105,932 1060,944 1032,932 1031,932 1030,932 1028,932 981,944 914,933 913,933 911,933 910,933 893,943 864,934 863,934 861,934 860,934 818,946 788,938 787,938 786,938 784,938 783,938 766,948 656,942 655,942 653,942 652,942 639,950 639,951 593,951 548,937 547,937 545,937 404,938 324,953 154,955 155,982" />
        <Baseline points="155,982 791,968 1614,965" />
        <TextEquiv>
          <Unicode>duos iuratores. Et qi domũ edificauit aut uineas aut sua heditate honorauit ⁊ uno ano ĩ uilla sedit ⁊ postea ad</Unicode>
        </TextEquiv>
      </TextLine>

      
      
      <TextLine id="eSc_line_8a026dde" custom="structure {type:default;}">
        <Coords points="161,1020 161,1036 213,1029 228,1036 235,1038 236,1038 237,1039 303,1039 303,1038 304,1038 313,1036 331,1028 345,1034 349,1037 350,1037 351,1038 432,1038 432,1037 459,1034 526,1027 621,1033 665,1036 666,1036 667,1036 676,1033 698,1025 814,1025 827,1032 833,1034 834,1034 836,1034 837,1034 847,1032 872,1024 941,1030 969,1033 971,1033 972,1033 981,1030 1007,1023 1126,1029 1172,1032 1174,1032 1175,1032 1186,1029 1216,1021 1280,1021 1301,1028 1303,1029 1305,1029 1306,1029 1307,1029 1312,1028 1343,1020 1418,1028 1439,1029 1441,1029 1466,1027 1550,1019 1573,1027 1578,1028 1579,1028 1581,1028 1632,1025 1633,1007 1631,980 1523,980 1491,971 1489,971 1488,971 1487,971 1465,980 1423,971 1421,971 1420,971 1387,980 1342,971 1340,971 1175,983 1172,983 1170,983 1059,974 1058,974 1057,974 1028,983 1007,974 1005,974 1004,974 937,984 911,975 910,975 909,975 908,975 879,984 829,977 684,977 683,977 566,987 527,980 526,980 464,988 390,983 389,983 160,991 161,1020" />
        <Baseline points="161,1020 771,1010 1633,1007" />
        <TextEquiv>
          <Unicode>aliã tram fuit qomo seruiat illi totã suam heditatẽ ubi habitãtes fuint . Et si qisierit uende uendat ad qi uoluit p foro</Unicode>
        </TextEquiv>
      </TextLine>

      
      
      <TextLine id="eSc_line_c7ca2c08" custom="structure {type:default;}">
        <Coords points="314,1016 296,1016 277,1016 275,1018 273,1018 159,1026 161,1059 161,1080 433,1082 435,1082 437,1082 441,1080 470,1070 512,1080 518,1082 520,1082 522,1082 524,1082 525,1080 549,1068 589,1080 593,1082 595,1082 597,1084 685,1084 685,1082 687,1082 691,1080 722,1068 868,1068 907,1080 911,1082 913,1082 915,1082 917,1082 919,1082 919,1080 934,1072 1169,1080 1225,1082 1227,1082 1229,1082 1233,1080 1256,1068 1460,1068 1522,1080 1531,1082 1533,1082 1543,1080 1591,1068 1629,1080 1635,1055 1629,1014 1589,1024 1550,1014 1549,1014 1547,1014 1545,1014 1543,1014 1541,1014 1512,1024 1292,1016 1204,1014 1202,1014 1163,1018 1103,1024 1061,1018 1026,1014 1025,1014 986,1020 953,1024 947,1020 940,1014 938,1014 936,1014 934,1014 899,1020 878,1024 872,1020 867,1014 865,1014 863,1014 861,1014 710,1022 658,1024 639,1022 566,1014 564,1014 562,1014 560,1014 551,1024 549,1026 375,1026 356,1026 329,1016 314,1016" />
        <Baseline points="163,1061 730,1052 1636,1056" />
        <TextEquiv>
          <Unicode>de Fresno. Et homines d Fresno habuint iudicio aut iũcta c homines d alias terras. Habeãt Medianedo ĩ Parada Vela</Unicode>
        </TextEquiv>
      </TextLine>

      
      
      <TextLine id="eSc_line_8ac93273" custom="structure {type:default;}">
        <Coords points="167,1107 167,1130 296,1120 1643,1126 1647,1103 1645,1070 1103,1061 1102,1061 1034,1070 1032,1070 1019,1070 574,1063 572,1063 165,1072 167,1107" />
        <Baseline points="168,1109 860,1101 1649,1104" />
        <TextEquiv>
          <Unicode>d Vales. Et oms qi d sua tra exierĩt cũ homicidio aut cũ mulier ronsada ul cũ alia calupnia qlib⁊ sedeat ni qi ñ</Unicode>
        </TextEquiv>
      </TextLine>

      
      
      <TextLine id="eSc_line_d9d525d0" custom="structure {type:default;}">
        <Coords points="169,1157 169,1172 375,1182 377,1182 379,1182 410,1172 414,1172 418,1172 441,1182 443,1182 445,1182 446,1182 473,1172 483,1168 759,1168 780,1172 809,1180 811,1180 813,1180 814,1180 830,1172 841,1168 855,1172 868,1178 870,1178 872,1178 911,1172 963,1167 1025,1172 1073,1178 1075,1178 1100,1172 1134,1167 1200,1172 1233,1176 1235,1176 1236,1176 1244,1172 1260,1167 1273,1172 1281,1176 1283,1176 1285,1176 1287,1176 1298,1172 1333,1163 1367,1172 1371,1174 1373,1174 1375,1176 1562,1176 1562,1174 1564,1174 1568,1172 1604,1163 1664,1172 1668,1149 1666,1111 1275,1107 1273,1107 1221,1115 1209,1116 1204,1115 1179,1107 1177,1107 1175,1107 1173,1107 1171,1107 1159,1116 1157,1118 992,1118 976,1118 867,1109 865,1109 814,1120 809,1120 782,1120 524,1113 522,1113 398,1124 396,1124 394,1124 196,1115 194,1115 192,1115 167,1124 169,1157" />
        <Baseline points="170,1158 1328,1147 1670,1151" />
        <TextEquiv>
          <Unicode>adducat mulier aliena de bnedicioe . Et tornet se ad seniore de Fresno ut sedeat soltũ ⁊ defenditũ p foro d Fre</Unicode>
        </TextEquiv>
      </TextLine>

      
      
      <TextLine id="eSc_line_569a9d7b" custom="structure {type:default;}">
        <Coords points="127,1207 127,1230 200,1220 458,1228 464,1228 466,1228 468,1228 470,1228 491,1215 587,1215 622,1226 624,1226 626,1226 683,1215 701,1228 703,1228 705,1228 707,1228 709,1228 710,1228 734,1215 814,1226 830,1228 832,1228 845,1226 915,1213 976,1222 978,1222 980,1222 1015,1213 1194,1224 1209,1224 1211,1224 1213,1224 1215,1224 1244,1213 1319,1222 1321,1222 1323,1222 1348,1213 1377,1222 1379,1222 1381,1222 1383,1222 1414,1213 1473,1213 1497,1222 1506,1226 1508,1226 1510,1226 1512,1226 1514,1226 1520,1222 1535,1213 1643,1220 1647,1199 1645,1167 233,1163 231,1163 125,1172 127,1207" />
        <Baseline points="128,1209 706,1197 1649,1201" />
        <TextEquiv>
          <Unicode>seno. Et si qis homo d qcũq tra cũ inimicitate aut cũ pignora uenit ⁊ in tmino d Fresno intratũ fuit nullum inimicũ</Unicode>
        </TextEquiv>
      </TextLine>

      
      
      <TextLine id="eSc_line_a0c73baa" custom="structure {type:default;}">
        <Coords points="1223,1211 1215,1211 1208,1211 1078,1201 1077,1201 1075,1201 1073,1201 1059,1211 1053,1211 861,1203 859,1203 799,1213 789,1213 784,1213 753,1203 751,1203 749,1203 747,1203 745,1203 734,1213 730,1215 720,1213 693,1205 691,1205 689,1205 687,1205 685,1205 674,1213 670,1215 657,1213 616,1205 614,1205 508,1213 450,1217 159,1215 161,1247 161,1265 870,1255 874,1255 893,1255 1628,1246 1629,1238 1626,1211 1340,1199 1339,1199" />
        <Baseline points="163,1249 1631,1240" />
        <TextEquiv>
          <Unicode>post illum intraret et pignora tollet aut male faciat qomo p a senior d Fresno D sl ⁊ duplet illa pignora aut</Unicode>
        </TextEquiv>
      </TextLine>

      
      
      <TextLine id="eSc_line_436a0b7c">
        <Coords points="1614,1240 1595,1240 1576,1240 1556,1240 1537,1240 1518,1240 1498,1240 1479,1240 1460,1240 1441,1240 1421,1240 1402,1240 1383,1240 1364,1240 1344,1240 1325,1242 1306,1242 1287,1242 1267,1242 1248,1242 1229,1242 1209,1242 1190,1242 1171,1242 1152,1242 1132,1242 1113,1242 1094,1242 1075,1242 1055,1242 1036,1244 1017,1244 998,1244 978,1244 959,1244 940,1244 920,1244 901,1244 882,1244 863,1244 843,1244 824,1244 805,1244 786,1244 766,1244 747,1244 728,1246 709,1246 689,1246 670,1246 651,1246 631,1246 612,1246 593,1246 587,1246 439,1246 439,1247 435,1247 131,1249 132,1274 132,1286 1666,1271 1666,1265 1662,1232 1616,1232 1614,1240" />
        <Baseline points="133,1276 868,1260 1520,1258 1668,1267" />
        <TextEquiv>
          <Unicode>Et qi oe de Fresno pignorauit ⁊ ĩ cõcilio ẽ pecierit ⁊ ĩ cõciliũ ñ pecierit dirctũ qomo p a senior d Fresno LX sl ⁊ duplet illa pignora a suo dono . Et oe d alia</Unicode>
        </TextEquiv>
      </TextLine>

      
      
      <TextLine id="eSc_line_a535399c" custom="structure {type:default;}">
        <Coords points="1623,1263 1610,1263 1597,1262 1585,1262 1572,1260 1559,1260 1546,1259 1534,1259 1520,1263 1519,1264 1254,1265 1253,1265 1209,1259 1208,1259 1207,1259 1206,1259 1195,1267 1193,1267 1185,1267 1103,1260 1102,1260 1013,1268 995,1269 983,1268 936,1263 935,1263 887,1269 874,1271 858,1269 789,1264 788,1264 747,1271 744,1272 159,1276 160,1299 160,1310 211,1318 213,1318 265,1310 273,1309 277,1309 301,1317 303,1317 304,1317 305,1317 328,1309 330,1309 331,1309 364,1319 366,1319 367,1319 462,1317 463,1317 485,1308 489,1306 506,1308 608,1315 610,1315 664,1309 678,1315 679,1315 680,1315 682,1315 711,1305 716,1304 725,1305 787,1314 788,1314 789,1314 824,1305 854,1313 855,1313 856,1313 858,1313 888,1304 896,1301 915,1303 995,1312 996,1312 1032,1305 1298,1308 1299,1308 1339,1299 1346,1296 1410,1296 1419,1298 1455,1305 1456,1305 1457,1305 1487,1298 1491,1296 1495,1298 1516,1304 1518,1304 1519,1304 1520,1304 1534,1296 1541,1294 1626,1295 1628,1281 1626,1263 1623,1263" />
        <Baseline points="160,1299 1628,1281" />
        <TextEquiv>
          <Unicode>alias liuores. Et qi homine d Fresno psierit in psioneq p XXX mo . Et si qis homo d Fresno psierit aliqid homo d alia</Unicode>
        </TextEquiv>
      </TextLine>

      
      
      <TextLine id="eSc_line_ee1b72bd" custom="structure {type:default;}">
        <Coords points="157,1346 157,1357 315,1367 317,1367 452,1357 481,1355 514,1357 637,1363 639,1363 641,1363 668,1355 680,1351 1672,1350 1672,1332 1670,1294 1647,1284 1645,1284 1643,1284 1641,1284 1597,1296 1572,1286 1570,1286 1568,1286 1445,1298 1441,1298 1439,1298 1314,1288 1312,1288 1059,1301 978,1292 976,1292 768,1305 655,1296 653,1296 651,1296 628,1307 487,1298 485,1298 483,1298 481,1298 470,1307 420,1299 418,1299 416,1299 414,1299 398,1311 156,1313 157,1346" />
        <Baseline points="159,1347 746,1333 851,1332 1450,1328 1673,1333" />
        <TextEquiv>
          <Unicode>trra p V sl . Et si home d Fresno p qlibet fiadura ad medio ano nõ requisierit q sedeat soltum. Et si migratum fuit</Unicode>
        </TextEquiv>
      </TextLine>

      
      
      <TextLine id="eSc_line_2c84ba62" custom="structure {type:default;}">
        <Coords points="148,1381 148,1402 624,1391 761,1391 777,1398 780,1399 782,1399 783,1399 784,1399 791,1398 815,1390 953,1390 967,1396 972,1398 973,1398 974,1398 985,1396 1016,1389 1058,1395 1069,1396 1071,1396 1093,1395 1165,1389 1204,1394 1224,1396 1225,1396 1261,1394 1334,1387 1357,1393 1367,1395 1369,1395 1370,1395 1384,1393 1411,1387 1659,1390 1662,1372 1659,1348 1586,1340 1585,1340 1488,1346 1446,1339 1445,1339 1366,1345 1251,1340 1249,1340 1248,1340 1229,1348 1225,1349 1207,1348 1130,1341 1129,1341 1072,1348 1062,1349 1053,1348 1012,1341 1010,1341 761,1349 729,1349 723,1349 684,1344 683,1344 682,1344 669,1349 660,1351 593,1349 504,1345 503,1345 438,1349 357,1354 147,1350 148,1381" />
        <Baseline points="148,1381 1662,1372" />
        <TextEquiv>
          <Unicode>sint filii ⁊ uxor sua libi a fiaduria d bndciones ⁊ d dirctum dare. De sup cabudura ad XXX dies. De fiaduria d auer</Unicode>
        </TextEquiv>
      </TextLine>

      
      
      <TextLine id="eSc_line_f670842b" custom="structure {type:default;}">
        <Coords points="141,1421 141,1441 205,1432 305,1432 322,1440 323,1440 324,1440 328,1440 418,1434 441,1439 445,1440 446,1440 448,1440 454,1439 482,1434 598,1437 660,1440 661,1440 687,1437 737,1431 869,1431 886,1435 897,1439 899,1439 900,1439 929,1435 962,1431 980,1435 1000,1439 1001,1439 1035,1434 1058,1431 1064,1434 1075,1439 1076,1439 1077,1440 1207,1440 1207,1439 1208,1439 1230,1432 1233,1432 1236,1432 1279,1439 1280,1439 1349,1431 1371,1430 1420,1431 1617,1437 1618,1437 1619,1437 1651,1428 1651,1416 1650,1390 1590,1380 1461,1380 1460,1380 1459,1380 1433,1389 1396,1381 1394,1381 1329,1390 1326,1390 1322,1390 1191,1381 1190,1381 1150,1391 1076,1391 1058,1382 1057,1382 1055,1382 976,1387 900,1381 899,1381 865,1387 814,1381 813,1381 811,1381 786,1390 738,1381 737,1381 666,1382 665,1382 642,1391 588,1382 587,1382 499,1391 466,1382 464,1382 463,1382 462,1382 430,1393 140,1393 141,1421" />
        <Baseline points="141,1421 728,1414 1651,1416" />
        <TextEquiv>
          <Unicode>qi habeat a dare qndo ddit sedat soltum fiador d sanamẽto quando fiada fiar. Semp stet fiador ille ⁊ suos filios ⁊ si nõ</Unicode>
        </TextEquiv>
      </TextLine>

      
      
      <TextLine id="eSc_line_83f43b9e" custom="structure {type:default;}">
        <Coords points="136,1486 541,1475 737,1484 774,1484 776,1486 919,1486 919,1484 920,1484 922,1484 924,1482 936,1475 996,1482 1021,1484 1023,1484 1051,1480 1111,1475 1184,1480 1236,1484 1238,1484 1240,1484 1248,1480 1260,1475 1302,1480 1342,1484 1344,1484 1375,1479 1404,1475 1653,1475 1656,1463 1655,1430 134,1427 136,1465" />
        <Baseline points="138,1467 768,1458 1491,1464 1658,1464" />
        <TextEquiv>
          <Unicode>habuit filios qi recepat sua bona stet fiador semp . Qui eyra disrupit p LX.ᵃ sl ⁊ ĩ istum nõ habeat palaciũ .</Unicode>
        </TextEquiv>
      </TextLine>

      
      
      <TextLine id="eSc_line_7621e972" custom="structure {type:default;}">
        <Coords points="1635,1488 1616,1488 1597,1488 1577,1488 1558,1488 1539,1486 1520,1486 1500,1486 1481,1486 1462,1486 1443,1486 1423,1486 1414,1475 1369,1475 1333,1463 1331,1463 1329,1463 1327,1463 1292,1475 1261,1463 1260,1463 1258,1463 1256,1463 1254,1463 1240,1475 1044,1475 1015,1463 1013,1463 834,1463 832,1463 776,1475 741,1463 739,1463 737,1463 254,1477 210,1465 208,1465 206,1465 132,1479 134,1509 134,1527 1637,1515 1639,1502 1637,1488 1635,1488" />
        <Baseline points="136,1511 651,1503 1641,1503" />
        <TextEquiv>
          <Unicode>Maurũ qui fuit xianũ ul seruum ⁊ ad Fresno uenit sedat liberum. Hominẽ qi sua mulier laxauit suum</Unicode>
        </TextEquiv>
      </TextLine>

      
      
      <TextLine id="eSc_line_da56ccde">
        <Coords points="1626,1467 1606,1467 1587,1467 1568,1465 1549,1465 1529,1465 1510,1465 1491,1465 1471,1463 1452,1463 1433,1463 1414,1463 1414,1484 1412,1492 1674,1496 1668,1488 1666,1459 1645,1457 1645,1467" />
        <Baseline points="1416,1485 1670,1489" />
        <TextEquiv>
          <Unicode>p I d ⁊ si mlr leixauit</Unicode>
        </TextEquiv>
      </TextLine>

      
      
      <TextLine id="eSc_line_00edd2e3" custom="structure {type:default;}">
        <Coords points="136,1547 137,1565 229,1561 237,1565 251,1571 253,1571 254,1572 290,1572 290,1571 322,1563 335,1561 348,1563 372,1568 373,1568 402,1563 423,1558 440,1562 461,1568 462,1568 463,1570 521,1570 521,1568 522,1568 547,1562 560,1557 680,1557 702,1559 755,1568 756,1568 815,1559 832,1557 851,1558 895,1563 896,1563 974,1557 1004,1556 1009,1557 1033,1567 1035,1567 1036,1567 1278,1559 1302,1566 1303,1566 1305,1566 1306,1566 1346,1556 1383,1566 1384,1566 1385,1566 1663,1550 1663,1539 1660,1521 1600,1513 1599,1513 1554,1520 1532,1509 1531,1509 1529,1509 1405,1522 1335,1522 1298,1512 1297,1512 1296,1512 1294,1512 1265,1522 1152,1522 1048,1512 991,1512 990,1512 989,1512 960,1522 915,1514 914,1514 864,1522 823,1513 698,1513 697,1513 696,1513 657,1523 391,1514 390,1514 339,1517 337,1517 318,1527 134,1527 136,1547" />
        <Baseline points="136,1547 1663,1539" />
        <TextEquiv>
          <Unicode>uirũ p XXX mr , medios ad palacio ⁊ medios a suo marito. Et qi eam ampauit a suo uiro p X sl cotidie.</Unicode>
        </TextEquiv>
      </TextLine>

      
      
      <TextLine id="eSc_line_ad490d9a" custom="structure {type:default;}">
        <Coords points="137,1584 136,1603 229,1608 231,1608 232,1608 247,1604 260,1601 289,1604 332,1609 333,1609 335,1609 354,1604 364,1602 376,1604 400,1609 402,1609 403,1609 423,1604 430,1603 453,1604 547,1611 548,1611 587,1604 597,1603 603,1604 620,1609 621,1609 768,1612 769,1612 770,1612 789,1606 828,1612 829,1612 863,1604 874,1603 886,1604 931,1613 932,1613 933,1613 964,1606 973,1603 1077,1603 1167,1606 1190,1606 1211,1615 1212,1615 1213,1615 1256,1606 1263,1604 1271,1606 1297,1612 1298,1612 1299,1612 1338,1606 1342,1606 1347,1606 1406,1613 1407,1613 1451,1606 1455,1606 1459,1606 1498,1617 1500,1617 1501,1617 1644,1606 1645,1594 1644,1568 1609,1561 1608,1561 1505,1567 1488,1567 1478,1566 1420,1559 1419,1559 1299,1565 1270,1566 1265,1565 1243,1558 1242,1558 1240,1558 1123,1563 1089,1565 1085,1563 1072,1557 1071,1557 1069,1557 947,1562 905,1563 897,1562 879,1556 878,1556 877,1556 838,1561 829,1562 825,1561 811,1556 810,1556 137,1556 137,1584" />
        <Baseline points="137,1584 1645,1594" />
        <TextEquiv>
          <Unicode>Et d ista callũnia media ad palacium. Et si fuit mancipia ĩ capillo aut c tauca ⁊ uenit rescando p illa cal</Unicode>
        </TextEquiv>
      </TextLine>

      
      
      <TextLine id="eSc_line_c840e8c0" custom="structure {type:default;}">
        <Coords points="128,1633 128,1658 179,1658 179,1657 181,1657 205,1648 240,1657 241,1657 242,1658 386,1658 386,1657 387,1657 389,1657 404,1651 463,1657 471,1657 472,1657 473,1657 475,1657 503,1648 539,1657 543,1657 544,1657 545,1657 547,1657 571,1648 613,1648 630,1657 631,1657 633,1657 634,1657 635,1657 638,1656 660,1648 702,1656 710,1657 711,1657 738,1656 872,1649 886,1656 892,1658 893,1658 895,1658 908,1656 936,1649 986,1656 1003,1657 1004,1657 1013,1656 1039,1649 1059,1656 1069,1658 1071,1658 1072,1658 1126,1656 1220,1649 1328,1654 1407,1658 1409,1658 1442,1654 1473,1651 1642,1653 1645,1636 1642,1608 1466,1608 1454,1607 1419,1601 1418,1601 1416,1601 1394,1606 1384,1609 1274,1609 1263,1606 1248,1601 1247,1601 1245,1601 1244,1601 1229,1606 1217,1608 1200,1604 1176,1601 1175,1601 1174,1601 1165,1604 1157,1609 991,1609 964,1603 945,1601 944,1601 942,1601 933,1603 919,1608 872,1603 845,1601 843,1601 779,1603 657,1607 584,1602 551,1599 549,1599 548,1599 542,1602 524,1607 495,1601 485,1599 484,1599 467,1601 414,1607 385,1601 378,1599 247,1599 246,1599 238,1599 159,1607 128,1599 128,1633" />
        <Baseline points="128,1633 1033,1630 1645,1636" />
        <TextEquiv>
          <Unicode>⁊ dixit folam fudu me p nne , saluet se c XII. Et si nõ potuit saluar p XX mo . Et septima a palacio. Et si nõ</Unicode>
        </TextEquiv>
      </TextLine>

      
      
      <TextLine id="eSc_line_11fbce6a" custom="structure {type:default;}">
        <Coords points="137,1678 137,1688 241,1697 242,1697 290,1690 382,1697 384,1697 426,1690 435,1689 439,1690 457,1697 458,1697 459,1697 491,1690 502,1689 517,1690 556,1696 557,1696 558,1696 575,1692 588,1688 604,1692 626,1696 628,1696 629,1696 638,1692 646,1688 810,1688 820,1693 827,1696 828,1696 829,1696 873,1693 947,1688 1229,1696 1319,1697 1320,1697 1330,1696 1378,1688 1411,1696 1412,1696 1646,1697 1649,1679 1647,1652 1500,1652 1498,1651 1468,1643 1466,1643 1465,1643 1464,1643 1442,1651 1441,1651 1438,1651 1391,1644 1389,1644 1335,1651 1330,1651 1328,1651 1299,1642 1298,1642 1147,1642 1145,1642 1105,1649 1099,1651 1082,1649 974,1642 924,1642 923,1642 922,1642 905,1649 902,1651 892,1649 859,1644 858,1644 828,1649 819,1651 815,1649 800,1642 798,1642 667,1642 666,1642 620,1648 604,1651 598,1648 580,1642 579,1642 578,1642 547,1648 535,1651 518,1648 488,1644 486,1644 454,1648 435,1651 426,1648 411,1643 409,1643 408,1643 407,1643 396,1648 390,1652 304,1652 292,1648 274,1643 273,1643 272,1643 136,1647 137,1678" />
        <Baseline points="137,1678 1023,1672 1649,1679" />
        <TextEquiv>
          <Unicode>uenit rescãdo usq ĩ tcium diem iuret sue tcium ⁊ exeat d llupnia. De ano ĩ ano qndo uenit nro senor ad</Unicode>
        </TextEquiv>
      </TextLine>

      
      
      <TextLine id="eSc_line_b7e46862" custom="structure {type:default;}">
        <Coords points="132,1725 132,1738 346,1744 348,1744 386,1739 420,1735 432,1739 444,1744 445,1744 446,1746 540,1746 540,1744 569,1740 601,1735 624,1740 640,1744 642,1744 678,1740 730,1735 742,1740 750,1744 751,1744 752,1744 797,1742 860,1737 874,1742 882,1744 883,1744 884,1744 904,1742 947,1735 992,1742 1010,1744 1012,1744 1013,1744 1018,1742 1036,1735 1208,1735 1393,1744 1419,1744 1420,1744 1427,1744 1473,1735 1506,1742 1507,1742 1620,1735 1654,1744 1658,1725 1656,1696 1626,1688 1624,1688 1623,1688 1531,1697 1460,1697 1459,1697 1459,1696 1432,1688 1430,1688 1429,1688 1384,1696 1347,1688 1346,1688 1303,1696 1302,1696 1301,1696 1204,1688 1000,1688 999,1688 998,1688 978,1696 974,1696 886,1688 884,1688 793,1696 787,1696 786,1696 768,1689 766,1689 765,1689 764,1689 746,1696 744,1697 578,1697 576,1696 561,1688 560,1688 558,1688 557,1688 531,1696 529,1696 525,1696 476,1688 475,1688 434,1696 429,1697 364,1697 362,1696 345,1688 344,1688 342,1688 131,1694 132,1725" />
        <Baseline points="132,1725 897,1719 1658,1725" />
        <TextEquiv>
          <Unicode>nram uillam dmus ĩ sua pada II II panes ⁊ singlas octauas d ceuada ⁊ I d . Caualeiro qi suo caualo d cela</Unicode>
        </TextEquiv>
      </TextLine>

      
      
      <TextLine id="eSc_line_17deb8d7" custom="structure {type:default;}">
        <Coords points="131,1765 131,1778 199,1785 200,1785 201,1785 219,1779 223,1778 289,1778 297,1779 349,1788 350,1788 405,1779 409,1779 413,1779 446,1788 448,1788 449,1788 485,1779 495,1778 511,1779 562,1787 563,1787 612,1780 639,1776 676,1780 718,1784 719,1784 742,1780 770,1775 798,1780 824,1785 825,1785 850,1780 877,1775 905,1780 928,1785 929,1785 963,1782 1008,1775 1053,1782 1085,1785 1086,1785 1116,1782 1171,1774 1220,1782 1235,1784 1236,1785 1312,1785 1312,1784 1314,1784 1319,1783 1343,1774 1493,1783 1504,1783 1505,1784 1597,1784 1597,1783 1599,1783 1617,1775 1651,1783 1654,1764 1653,1738 1527,1738 1468,1728 1466,1728 1410,1738 1409,1738 1407,1738 1315,1729 1314,1729 1220,1738 1091,1729 1090,1729 1027,1730 1026,1730 1001,1739 847,1730 846,1730 769,1740 768,1740 766,1740 584,1731 583,1731 539,1740 462,1734 461,1734 375,1742 335,1733 333,1733 268,1742 215,1733 214,1733 129,1743 131,1765" />
        <Baseline points="131,1765 1366,1758 1654,1764" />
        <TextEquiv>
          <Unicode>morir aut mulier obierit aut aliam adduxit nõ faciat postea nec fazendira usq ad anno. Mulier orfona</Unicode>
        </TextEquiv>
      </TextLine>

      
      
      <TextLine id="eSc_line_6f9311ba" custom="structure {type:default;}">
        <Coords points="129,1808 129,1821 166,1821 186,1830 187,1830 188,1830 254,1824 273,1833 274,1833 276,1833 340,1824 426,1830 427,1830 429,1830 444,1823 450,1820 481,1823 521,1826 522,1826 540,1823 563,1819 584,1824 608,1829 610,1829 611,1829 631,1824 652,1819 715,1824 718,1824 719,1824 727,1824 967,1817 992,1826 995,1826 996,1826 998,1826 1005,1826 1033,1823 1064,1826 1096,1830 1098,1830 1099,1830 1107,1826 1116,1823 1209,1828 1276,1830 1278,1830 1279,1830 1284,1828 1302,1819 1361,1828 1370,1829 1371,1829 1373,1829 1376,1828 1419,1816 1461,1829 1464,1829 1465,1829 1466,1830 1623,1830 1624,1807 1623,1778 1464,1778 1397,1767 1396,1767 1339,1778 1338,1779 1248,1779 1165,1779 1122,1769 1121,1769 1084,1775 1035,1769 1033,1769 1032,1769 1009,1776 981,1769 980,1769 978,1769 977,1769 956,1779 910,1770 909,1770 828,1779 802,1770 801,1770 800,1770 738,1778 707,1770 706,1770 594,1770 593,1770 592,1770 572,1778 481,1771 480,1771 479,1771 455,1782 128,1782 129,1808" />
        <Baseline points="129,1808 715,1802 1427,1802 1624,1807" />
        <TextEquiv>
          <Unicode>nõ faciat postea nc fazendira usq habeat uirũ . Mulier uidua nõ faciat postea nec fazendira erga si</Unicode>
        </TextEquiv>
      </TextLine>

      
      
      <TextLine id="eSc_line_36836c32" custom="structure {type:default;}">
        <Coords points="127,1848 125,1866 169,1861 188,1868 190,1868 191,1868 192,1868 211,1861 226,1869 229,1870 231,1870 232,1871 299,1871 299,1870 300,1870 304,1869 327,1861 350,1869 354,1870 355,1870 357,1870 363,1869 393,1862 422,1869 426,1870 427,1870 429,1870 435,1869 480,1861 565,1870 571,1870 572,1871 631,1871 631,1870 633,1870 649,1862 771,1869 773,1869 865,1862 924,1862 941,1871 944,1873 945,1873 946,1873 967,1871 1089,1864 1111,1873 1112,1873 1113,1873 1114,1873 1120,1873 1185,1864 1209,1873 1211,1873 1212,1873 1220,1873 1334,1868 1347,1874 1348,1874 1349,1874 1351,1875 1447,1875 1447,1874 1451,1874 1507,1865 1529,1874 1531,1874 1532,1875 1610,1875 1612,1853 1609,1824 1389,1825 1374,1821 1361,1817 1360,1817 1358,1817 1340,1821 1319,1825 1297,1820 1285,1819 1284,1819 1234,1820 1117,1824 1093,1819 1073,1815 951,1815 950,1815 932,1817 892,1824 876,1817 868,1814 867,1814 684,1814 683,1814 674,1815 640,1824 540,1824 468,1814 455,1812 454,1812 453,1812 449,1814 422,1821 354,1812 349,1812 348,1812 346,1812 345,1812 315,1821 226,1815 224,1815 184,1821 127,1811 127,1848" />
        <Baseline points="127,1848 858,1846 1612,1853" />
        <TextEquiv>
          <Unicode>habuit filium ĩ sua casa d XV anos . Et nõ soluãt homines d Fresno pignora p senior nc p meyrino nisi p</Unicode>
        </TextEquiv>
      </TextLine>

      
      
      <TextLine id="eSc_line_437bf5ff" custom="structure {type:default;}">
        <Coords points="129,1891 129,1909 364,1902 434,1902 450,1911 458,1915 459,1915 461,1916 616,1916 616,1915 617,1915 625,1912 640,1909 709,1912 710,1912 711,1912 728,1906 743,1912 744,1912 746,1912 747,1912 770,1905 904,1905 928,1912 929,1912 931,1912 932,1912 946,1906 1057,1906 1082,1916 1086,1918 1087,1918 1089,1918 1098,1916 1154,1907 1221,1918 1233,1919 1234,1919 1242,1918 1284,1907 1357,1907 1380,1919 1382,1919 1383,1919 1651,1920 1654,1906 1653,1873 1423,1871 1402,1860 1401,1860 1400,1860 1244,1870 1235,1870 1234,1870 1199,1859 1198,1859 1197,1859 1118,1864 1099,1857 1098,1857 1025,1857 1023,1857 1022,1857 1000,1866 905,1856 904,1856 856,1865 831,1856 829,1856 828,1856 638,1862 585,1856 584,1856 583,1856 561,1864 533,1856 531,1856 530,1856 459,1866 457,1866 454,1866 391,1853 390,1853 336,1866 321,1866 160,1866 159,1865 146,1859 145,1859 143,1859 142,1859 129,1862 129,1891" />
        <Baseline points="129,1891 884,1888 1355,1895 1654,1906" />
        <TextEquiv>
          <Unicode>suo uicino. Et nõ dnt pousada p foro d Fresno nõ caualos nõ alcaldes nõ abbẽs nõ uiduas nõ pedones p</Unicode>
        </TextEquiv>
      </TextLine>

      
      
      <TextLine id="eSc_line_d6846b71" custom="structure {type:default;}">
        <Coords points="129,1932 128,1945 688,1946 723,1950 784,1955 786,1955 864,1951 892,1950 897,1951 911,1956 913,1956 914,1956 956,1951 976,1950 983,1952 1003,1957 1004,1957 1005,1957 1082,1952 1111,1951 1120,1952 1141,1959 1143,1959 1144,1959 1299,1954 1335,1954 1349,1955 1414,1961 1415,1961 1542,1956 1552,1956 1554,1956 1572,1963 1573,1963 1574,1963 1645,1956 1646,1939 1645,1918 1610,1910 1609,1910 1608,1910 1585,1916 1576,1919 1382,1919 1371,1915 1338,1905 1337,1905 1335,1905 1238,1911 1207,1904 1206,1904 1204,1904 1089,1910 1067,1902 1066,1902 1064,1902 998,1910 976,1901 974,1901 973,1901 818,1907 798,1900 797,1900 796,1900 795,1900 771,1906 687,1898 685,1898 684,1898 648,1910 644,1910 635,1910 570,1902 569,1902 475,1909 458,1909 454,1907 414,1896 413,1896 324,1896 323,1896 322,1896 280,1906 241,1897 240,1897 199,1906 196,1906 129,1906 129,1932" />
        <Baseline points="129,1932 676,1929 1489,1943 1646,1939" />
        <TextEquiv>
          <Unicode>manu d iudice. Et qi uicino occidit ⁊ ĩ sua casa fugierit post illum intrauit ⁊ ibi mactauit p CCC solds .</Unicode>
        </TextEquiv>
      </TextLine>

      
      
      <TextLine id="eSc_line_e951346c" custom="structure {type:default;}">
        <Coords points="128,1982 128,2013 402,2013 402,2011 403,2011 409,2010 436,2002 515,2009 547,2011 548,2011 549,2011 556,2009 575,2000 639,2008 658,2010 660,2010 685,2008 756,2000 802,2006 825,2010 827,2010 828,2010 841,2006 864,2000 1004,2000 1027,2005 1044,2009 1045,2009 1046,2009 1055,2005 1064,2001 1085,2005 1103,2008 1104,2008 1130,2004 1145,2002 1150,2004 1171,2011 1172,2011 1174,2011 1288,2009 1289,2009 1312,2002 1325,2000 1344,2002 1401,2011 1402,2011 1452,2001 1464,2000 1473,2001 1504,2010 1505,2010 1506,2010 1615,2000 1617,1984 1615,1952 1529,1945 1528,1945 1424,1952 1410,1952 1407,1952 1384,1943 1383,1943 1382,1943 1330,1952 1324,1952 1312,1952 1216,1945 1215,1945 1213,1945 1193,1951 1172,1946 1171,1946 1170,1946 1018,1952 1003,1952 998,1952 933,1943 932,1943 872,1952 868,1954 728,1954 727,1952 709,1943 707,1943 706,1943 666,1951 572,1943 571,1943 570,1943 551,1951 535,1943 534,1943 434,1943 432,1943 431,1943 413,1952 340,1952 332,1952 309,1945 308,1945 306,1945 262,1952 200,1943 199,1943 128,1952 128,1982" />
        <Baseline points="128,1982 989,1977 1617,1984" />
        <TextEquiv>
          <Unicode>Et qi mulier aliena ferir p CCC sl ⁊ septima a palacio ⁊ a suo marito alios qi remanserĩt . Et pala</Unicode>
        </TextEquiv>
      </TextLine>

      
      
      <TextLine id="eSc_line_7b2315f0">
        <Coords points="1555,2028 1572,2031 1591,2029 1599,2024 1593,2005 1545,2006 1541,2030" />
        <Baseline points="1539,2023 1600,2025" />
        <TextEquiv>
          <Unicode>cio</Unicode>
        </TextEquiv>
      </TextLine>

      
    </TextRegion>
    

    
  </Page>
</PcGts>