1747 2352
105 162 1600 237 de senior ⁊ d cpo habeat callũniam ⁊ eccliam d istas tres qi irrumpit p mil solds . Et qi pcusserit prbr p D solds
103 207 1584 277 ⁊ una medala d auro ⁊ si negauit iuret c VI uicinos bonos ⁊ ille septimo. Et oe d Fresno qi fiador intrar ⁊
105 252 1579 322 contentor illi nõ iurar qle fiar p . Et si contemtor habuit mittat illum ĩ manus ⁊ sine callũpnia ⁊ ĩ scpo
100 303 1604 364 ⁊ exeat d fiada . Et si noluit recipe in sua psione faciat testes d III uicinos ⁊ nõ respõdeat . In Fresno palacio
105 344 1590 405 nõ dt pesqisa p nulla callũia . Et si firmar c III alcaldes p ⁊ si nõ firmar nõ pecte. Clicos qi migrauit he
108 382 1625 453 ditẽt suos parẽtes qi mag cca habuerĩt ⁊ ubi mandauit suos aues c sua lingua ibi pstẽt . Et si sine lingua obierĩt
105 429 1582 496 suos filios heditẽt aut suos pentes mag cica ⁊ dnt illa tcia pte p sua ania . Pelago nc monte nõ sedat dfesso ĩ Fresno
108 474 1605 537 neq ĩ suis tminis . Iudx si noluit collige dirctum ul fiador sup pignorã qi tenuit mactẽt illum sit tota callũia fora
113 517 1615 586 q pctemus singlas pelles d coneios qntosq ibi morauĩt qi de posta fuit d dare. Et ipm qi eum occidit nõ dt nichil ⁊ si ibi
112 560 1626 633 parẽtes habuĩt salutẽt ei ⁊ dnt ei d segurãcia sup qtuor homines ĩ centũ centũ mrbos . Et si hoc nõ facint exeãt
112 607 1639 667 d uillla. Et qui eũ colligit aut anparar p C mo ⁊ nõ pstet illi p mortẽ d hoie aut p rouso. De mulier qi callupnia
108 644 1621 705 ht d CCC sl exeat d Fresno por aleuoso ⁊ d suo tmino p inimico. Et q lo colligit p CCC sl ⁊ si nõ iuret c XII.ᵃ qi lo
109 682 1608 746 nõ coleo nec pane ddit illum. P totum futũ qi fuit arracado p lid ul p ferro duplet ei c LX sl a rãcuroso ⁊
108 721 1618 785 nouenas a palacio ad qin dmandarẽ q homine matou a traicion lide, ⁊ si caer p mil mo , ⁊ si nõ habuit d q los peche,
111 764 1620 825 faciãt d illum iticiam qomo d aleiuoso e de traidor. Et si p exeat d Fresno p aleuoso ⁊ d suo tmino ⁊ deribẽ le las ca
115 810 1617 862 sas. Et p istam uocẽ uicinũ ad uicinũ dt dirctum ⁊ nõ ad iudicẽ . Et qi istam uocẽ dmandauit ⁊ primũ iuret c III
113 845 1626 906 parẽtes los mag cica qi ĩ tota la uila fuĩt q lo nõ dmanda por outra malqrẽcia mais q matador e firidor foi, d seo pẽ
115 887 1620 949 te ende morreo. Et si pẽtes nõ habuit c III uicinos. Et si istum nõ iurar ⁊ nõ respondat illi. De sangui droto d
123 925 1615 999 lansa ul d spada ul cultello q c isto ferir ⁊ in nõ morir p XXX mo ad iudice nõ li respondat nadi sine rancoso . Iu
120 976 1620 1045 dx d ano ĩ ano sedat . Iudx pndat septima parte d callũpniis ⁊ qi sacauit ⁊ si rãca habuit d illo senior det dirctũ
882 972 1025 1001 d tota cousa
118 1021 1617 1094 p manꝰ d nros alcalds . Qui ferir suo uicino c pet aut c fuste p XX mo si fmarẽ ⁊ si nõ fmarẽ iuret c
116 1075 1621 1139 V uicinos. Si ferir c manus aut mesar aut c pede p IIII mo si habuit fima ⁊ si nõ habuit iuret se V.
121 1118 1620 1182 Qui ferir suo uicino ĩ la sanca d la ecclia aut ĩ concilio a pgõ ferido aut ĩ apilido p LX.ᵃ solds medios al
124 1162 1625 1236 calds ⁊ medio a qreloso sua calonia qomo sursum resonat. Toto homine qi insarrado fuere ĩ sua casa c armas a forcia
126 1213 1641 1280 p CCC sl si firmarẽ . Et si nõ iuret se qinto . Et dono ub forum q nõ habeatis seniorẽ ni regẽ aut suo filio aut
132 1259 1635 1323 qi uos concilio qsieritis . Et qi si homine d Fresno q d ferrado dseradado fuere p sua manu nõ pectet qomo se tornet
130 1298 1624 1370 ad suam heditatẽ ubi illa fuit sine nulla callupnia. Et toto hoie d Fresno qi hedado uiere en outra trra nõ fa
124 1340 1625 1413 ga fossado ni p foro d Fresno. In Fresno nõ dẽt osas nc luitosa. Et d toto portadigo qi uenit a Fresno ubi pou
134 1379 1620 1453 sada pndit pdant sua tciam d caualos d mulos singlos sl d boue ⁊ d asino VI dr . Qui toller pignos
130 1424 1639 1492 ĩ casa p V sl . Qui toller ĩ tale p X sl . Qi reftar iudicio d alcald p V mr . Vicino qi pedir fiel e lo parar
138 1468 1651 1528 a suo uicino ⁊ nõ uiner ad el p X sl . Et uros alcalds iuzguẽ d sol a sol. Et si baralarẽ II uicinos ⁊ uiner alcald
133 1513 1647 1573 ⁊ dixer encouto uos q nõ baraledes e nõ se calarẽ p I mo . De furto dscobto dt a suo dono toto suo aut duplato
141 1556 1637 1620 ⁊ nouenas patiãt os alcalds p medium c palacio ⁊ pdãt illos alcalds illas orelas ⁊ si alia uice furtar inforqnt illum.
134 1603 1633 1660 Toto uicino qi pedir d sigancia c III uicinos aut c uno alcald ⁊ nõ ddit p I mo . Et si trasnoutar p X mo . Si
145 1642 1654 1709 diz in habeo homine q me leue sup cabo det fiador d L.ᵃ mo fasta tciũ diem. Et si nõ ddit p L.ᵃ mo . Et pꝰta
151 1685 1629 1754 det IIII fiadores in qtuorcentos mo . Et si nõ ddit pdãt illos alcald c rãcuroso ⁊ si nõ facet cadat illos ĩ piu
155 1730 1622 1791 rium . Qui ranca met ad alcalde ⁊ nõ lo xegar a dereito cadat in piurio . Et qi filia aliena leuauit sabida ⁊
155 1770 1637 1838 illa nõ fuit d sua uolũtate adducãt illa ad medianero ⁊ si fuit a suos parẽtes p CCC sl ⁊ exeat p inimico.
156 1812 1618 1881 Et si fuit c suos qi uenit exeãt ambos inimicos. Et qi mulier aliena leuauit mittãt illos ambos ĩ manus a suo
162 1852 1631 1924 marito ⁊ faciat in sua uolũtate . Mancipia qi fuit pedida rogado ⁊ alto se tramẽt ⁊ leuauit p sua uolũta
160 1897 1638 1967 te nõ colliãt suos parẽtes sine praz d suo sposo. Et si collerẽt p CCC sl . Et septima a palacio ⁊ exeãt inimi
160 1933 1639 2025 cos. Todos cautos q poserẽ alcalds asi seiã otorgados qomo si iacuissẽt in carta p mandamẽto d concilio. Et oe
162 1984 1635 2080 d Fresno qi nõ fuit c suos uicinos in apilido p I mo ⁊ si dixit no lo ouio iure c uno uicino. Et p nro
