1143 1638
177 150 817 233 Conhuçuda coussa seia a qntos este foro virẽ
174 212 813 283 q eu Mateꝰ Mtĩz publio tabeliom de Stmoz vi
177 266 830 335 ⁊ lii o foro do conçelho de Stmoz seelado do seelo
177 315 826 391 do muy nobre senhor Dom Afonsso pla gça
178 364 823 428 de ds rey de Portugal ⁊ do Algue ⁊ Conde de Bolo
180 412 599 469 nha. Do qual o theor todo a tal he:
469 457 820 521 Em nome de ds ⁊ da sua gça
477 509 848 588 conhoscam todos os psents
476 567 826 625 ⁊ os q am de uiir que eu
479 604 833 679 Dom Afonsso pla gça de ds
472 656 827 724 rey de Port ⁊ Conde de Bo
469 707 835 773 lonha ensenbra cõ mha mo
468 753 820 817 lh Dona Beatiz filha do
182 797 826 870 muy nobre rey de Castella ⁊ de Leom dou ⁊ ou
182 839 831 920 torgo a uos ⁊ a todolꝰ pobradores de Stmoz psentes
169 892 833 967 ⁊ auiidoiros pr uosso foro o foro de Santarẽ saluo
178 935 831 1025 a jugada q a uos ⁊ a t odollos uossos suçessores pera
174 990 826 1070 senp qito . ¶ ⁊ quero pa mỹ ⁊ pa todos os meus
184 1036 842 1116 sucessores o mõtadigo ⁊ a meiadade de todolos mo
184 1081 841 1165 ynhos ⁊ azenhas ⁊ pisões feitos ⁊ pr faz en todo o t
207 1135 812 1224 mo de Stmoz . ¶ E quero pa mỹ os meꝰ ra
