1526 2160
275 1063 551 1114 Carta d foro d Melgazo.
118 1094 606 1141 n Dei nne . A Dei gra rex Port uobis popla
129 1128 603 1173 toribꝰ de Melgatio. Saltm ⁊ gram . Sciatis q dic
120 1158 607 1201 tum e mi q uos eratis grauati cũ foro de ripa auye
115 1179 610 1227 q ego de nouo uobis dedi ⁊ ego uolens uobis fa
115 1215 602 1255 cere gram ⁊ mcedem . Vn ego, una cũ uxore ma
118 1246 594 1282 regina Dõna Beatice illustis regis Castlle
118 1274 595 1316 ⁊ Legion filia ⁊ filia nra infanta Dõna Bl
116 1305 596 1344 anca reueco pdcm forum q uob dedi ⁊ reduco
115 1329 599 1371 uos ad illum statum in quo eratis anq dedis
116 1358 594 1401 sem ub ipm forum ⁊ mando q quilibet uici
117 1383 595 1429 nꝰ recupet ⁊ habeat totum suum heredamẽ
120 1417 582 1455 tũ q ante habeat. Et do ⁊ ꝯcedo uobis illd
121 1437 596 1483 forum q habuistis a pano meo rege Dõno
123 1467 585 1504 Alfonso inclite memorie ⁊ q ꝯfirmauit ub
123 1492 607 1536 pat meus rex Donnus Alfonsꝰ bone memorie.
124 1520 593 1563 ⁊ forum simile e foro de Burgo de Ripa Au
122 1546 599 1593 ie. Et uolo ⁊ mando q uos popletis ipam uillã
118 1578 585 1625 ⁊ teneatis eam poplatam , iuxta ꝯtinenciã ipiꝰ
117 1602 576 1654 fori. Cuiꝰ fori ⁊ confirmatois patis mi talis e
113 1641 589 1688 tenor. In nne patis ⁊ filii ⁊ sps sci , am . Ego Al
113 1672 590 1710 fonsꝰ rex Port una cũ filio meo rege San
113 1697 587 1755 cio ⁊ filiabꝰ mis regina Tharasia ⁊ regina
636 135 1149 176 Vrraca uobis poplatoribꝰ seu habitatoribꝰ de Mel
633 166 1151 211 gatio facio cartam ⁊ scriptum de hereditate ma
643 196 1150 237 quã habeo in terra Valadarensi ĩ loco pdicto Me
641 222 1150 268 lgatio. Do ub illam ⁊ cõcedo cũ suis tminis ⁊ lo
643 254 1155 301 cis anitiqis ⁊ meditatẽ integram de Chauianis
644 285 1141 327 p ubi illam potuitis in uenire ul uendicare.
643 316 1142 355 Mando enĩ ub ⁊ concedo tali pacto ut eã edifi
641 338 1140 385 cetis atq ĩ illa habitetis, p illd forum q auie
645 370 1135 412 quesiuistis scilicet de burgo d Ripa Auie q
643 399 1133 439 uidistis ee bonũ . Hoc mi recte attẽdite ⁊ ego
647 423 1136 464 ub iuste attendam. Hec e noticia illiꝰ fori d
645 451 1140 501 Ripa Auie. Vt unꝰquisq urm d uestris domibꝰ
643 484 1156 528 semel ĩ ãno mi ul cui mandauo I sl detis. Simi
643 513 1132 556 lit ⁊ carnifices duos sl , mediã partẽ pꝰt tiduũ
647 544 1130 583 Nathal Dni ⁊ mediã partẽ tcia die pꝰt festum
645 572 1142 619 Assũptionis Sce Marie. Qndo aut rex ur uil
644 601 1152 646 lam uram intrauit semel ĩ ano ⁊ nõ ampliꝰ il
644 636 1142 675 li VI denarios p sua collecta afferatis. ⁊ si uero
644 660 1155 703 plus ĩ ipo ãno rex uenerit, d uro adiutorio ei da
643 690 1152 728 te qntum uoluitis . De pane ⁊ uino q laborauitis
643 720 1158 762 ul emitis atq de tota traparia aut de brutis aia
642 746 1128 786 libꝰ que uenderitis ul emitis int uosmet ipos
644 772 1150 816 ⁊ de uris molendinis ac fornacibꝰ ⁊ d ura almu
644 799 1152 841 nia nlli respondatis ni Do . De extneis mcatoribꝰ
645 829 1132 872 qi bestias honatas de quolibet mcado adduxint ,
642 856 1135 907 p equo ul mulo I sl . De equa VI denarios. De
643 886 1144 936 asino IIII d ⁊ de pedite II d regi uo prebea
644 916 1156 957 tis. Si qis mcator cũ traparia uenerit, totũ troy
644 944 1152 992 xel si uoluit uendat ⁊ nõ retalium ni in pppia fe
642 974 1153 1016 ria. ⁊ si inde aliud fecerit, int iudices ure uille
643 1005 1135 1050 ⁊ meum uicariũ XXX sl reddat. De falso cbo
643 1035 1144 1082 ⁊ d tota medida panis ⁊ uini et salis, p falsitate
641 1069 1140 1112 V sl reddat. Si quis uenditor uenit qui caballũ
643 1096 1142 1143 suũ ul mulam uoluit uẽdere , ꝯparatores p eqo
643 1126 1147 1173 I sl hospiti ⁊ altum regi, p mula III sl hospiti
639 1158 1144 1201 ⁊ III sl regi, p eq VI d regi ⁊ VI d hospiti, p asi
626 1182 1135 1224 no III d hospiti ⁊ III d regi prebeãt . Moratores
639 1214 1151 1258 uille qicqid uendint aut ꝯpauerĩt , nlli respond
643 1244 1155 1286 eant cũ feria ⁊ sine feria, nichil reddãt p mã
644 1272 1142 1315 to uniꝰ colores IIII d , p sagia uniꝰ coloris II d ,
643 1300 1156 1345 p mãto coelio IIII d , p manto uiado II d , p saya
644 1338 1147 1375 uiada I d , ⁊ p capa galega II d , p pelle cordeyra
639 1357 1159 1402 II d , p pelle cabritina I d , p boue IIII d , p ua
643 1387 1145 1424 cca II d . Mercatores extranei ⁊ nõ moratores
648 1413 1142 1453 uille hoc totum afferant. Si quis int uos ali
644 1440 1147 1479 quẽ occiderit, uicinꝰ cũ uicino tunc ueniat iu
645 1464 1155 1504 sticia uille cũ uicario regis ad portam homicide
647 1489 1146 1534 ⁊ pignꝰ ab eo qrant , dato pignore, tũc ab eo fia
642 1524 1169 1564 dorẽ ĩ V sl petãt . Dato fiadore usq ĩ nouẽ dies
644 1548 1144 1588 reddãt ei pignꝰ suũ . Pꝰ uo nouẽ dies, ueniãt illi
645 1575 1149 1623 suppdci p homicidio C sl ab eo petãt . Si enĩ eum
643 1606 1147 1652 ĩ uilla nõ inuenint , fiador illiꝰ tũc qinq sl pari
643 1638 1157 1683 at, ⁊ tũc homicidiũ sit sup domũ suã ⁊ sup here
641 1665 1151 1711 ditatẽ , nichil aliud ei malifaciant nisi sui ini
644 1692 1150 1747 mici. Si qis aut aliquẽ furtĩ occiderit ⁊ mortuũ
