1528 2162
97 106 578 174 naturalem de mo regno ⁊ filium de algo qi faciat
100 157 582 204 mi menagiũ de ipo castello de Melgazo. Et si ali
100 188 585 234 quis qui moret in ipo cauto de Melgazo leuaue
100 212 558 259 rit uinũ in barca foras de ipo cauto deb in
100 239 589 285 mi dare mm directum. Et nullꝰ riquꝰ homo de
99 273 579 315 bet intre in uillam nec ĩ castellum nec ĩ cau
99 301 588 350 tum de Melgazo ꝯtra uolũtatem concilii de Mel
99 329 573 377 gazo nisi ego mandauo illum intre in ipam
99 355 588 403 uillam ul in ipm castellum ul in ipm cau
99 381 577 436 tum p ad defendendũ tram mam . In cuiꝰ rei te
98 408 586 466 stimoniũ dedi ubs poplatoribꝰ de Melgazo istã
100 443 571 496 mam cartã d mi sigilli munimie ꝯsignatã .
100 473 573 517 Dat Vimaran , VIIII.ᵃ die Ffebrii , rege mand
100 498 579 548 ante, e M.ᵃ CC.ᵃ LXL.ᵃ VIIII.ᵃ. Dõnus Gonsaluꝰ
98 528 586 583 Grsie alferaz curie ꝯf . Donnꝰ Egidiꝰ Mrni m
100 559 598 606 aiordomꝰ curie ꝯf . Dõnus Mrnus Alfonsi te
100 589 573 640 nens Braganciã ꝯf . Dõnus Alfonsꝰ Lupi te
100 620 581 666 nens Sausam. Donnꝰ Didacus Lupi tenens La
102 648 576 696 mecũ ꝯf . Donnꝰ Andreas Fnandi tenens Ripã
102 677 583 725 Minii ꝯf . Mrnꝰ Egidii tenens Trasserram ꝯf .
103 706 581 749 Donnꝰ Mrnus archieps Bracaren ꝯf . Dõnꝰ
105 731 568 779 Egeas eps Colimbrien ꝯf . Dõnꝰ Rodericꝰ
104 753 575 810 eps Egitan ꝯf . Dõnꝰ Maths eps Visen ꝯf .
99 784 569 835 Dõnꝰ Petrꝰ eps Lamecen ꝯf . Donnꝰ Mrnus
102 815 577 864 eps Elboren ꝯf . Donnꝰ Vincenciꝰ electꝰ Portg
102 845 568 891 alen ꝯf . Dõnꝰ Ihns d Auoyno ts . Donnus
102 872 585 923 Menẽdꝰ Suerii d Merloo ts . Dõnꝰ Ihns Peti Cor
105 904 579 956 rigia ts . Petrꝰ Mrni qondam supindex ts . Pt
104 930 587 980 Mrni Petarino ts . Iohns Suerii Coelo ts . Ffern
103 962 583 1008 andꝰ Fnandi Cogomino ts . Rodicꝰ Iohnis mgr
103 988 588 1040 scolar Tuden ts . Ihns Suarii clicꝰ dni regis
103 1016 587 1071 ts . Ihns Fnandi uice cancellariꝰ ts . Petrꝰ Ihnis
109 1048 585 1100 repositariꝰ maior ts . Donnꝰ Stphnꝰ Iohns
103 1074 583 1127 cancellariꝰ curie ꝯf . Dnicꝰ Peti notariꝰ curie
108 1117 169 1158 fecit.
