1677 2226
768 524 1202 567 Forum atq custume de Valielias
764 556 1261 601 n nne snte ⁊ ĩdiuidue tinitatis patris ⁊
764 586 1261 630 filii ⁊ spu sancti am uniꝰ sũmi Di , facimꝰ istam cartã
764 617 1258 655 ĩ ipiꝰ nne tinitatis . Ego rex S. Port unã cũ uxore
764 645 1260 682 ma reg Dna D. ⁊ filiis ⁊ filiabꝰ nris ub homines
763 669 1260 708 d Valielias qi iidem pplatores estis p mãdatũ mm ⁊
761 697 1256 738 d uxore ma ⁊ d filiis mis ⁊ filiabꝰ siue qi uenint ad
766 725 1277 772 ppland qomo isti qi mo ii sunt facimꝰ ub cartulã sic ⁊ feci
760 754 1263 796 mus p scipturã ⁊ p pceptũ nrm ut firmit teneatis.
764 788 1258 822 Et hatis for bonũ sic homines d Salamãca . ⁊ n detis
765 817 1270 850 mi n ad pgeniẽ nram n ad aliqm hominẽ de homi
764 840 1271 881 cidio ni VII.ᵃ ad pal d CCC sl appciadura per ꝯciliũ ⁊ p
765 865 1280 910 manũ d iudice. Et nullo pecto n ulla calũpia n ĩtret
765 895 1267 941 ii nullo merino ni iudex d ꝯcilio . Et faciãt fossadũ
766 923 1266 965 la tcia de los caualeiros ⁊ las duas partes stent ĩ Va
766 957 1265 990 lielias. Et d illa una parte q habuit a andar a fossado
765 979 1266 1015 ⁊ nõ fuit qomo det ĩ fossadeira V sl in pciadura . ⁊ nõ
766 1006 1273 1049 faciant fossadũ ni cũ nro senior una uice ĩ anno aut
766 1035 1277 1073 sic uoluntas fuit . Et peones nõ faciant fossadũ nc cli
768 1066 1275 1108 ci . ⁊ n intret ii nũciꝰ nc manaria d nullo qo homine p for
764 1096 1288 1137 d Valelias. Et q in tmino d Valielias filiã alienã rousar
765 1120 1280 1164 ex suam uoluntatẽ qomo pc ad pal CCC sl ⁊ n exeat
762 1151 1270 1194 homizieiro d suis parentibꝰ . Si qis int uos ĩ mcato
764 1182 1273 1228 aut ĩ ecc ul ĩ ꝯcilio pecato a pegõ firidã fecit ad suum
769 1213 1271 1252 uicinũ pc LX sl ad ꝯciliũ ⁊ VII.ᵃ ad pal p manũ d
768 1242 1278 1283 iudice. Et d furto qlib sedat colligat suo dno suũ
769 1276 1261 1308 cabdal ⁊ d illa calũpia diuidat p mediũ c iudice.
768 1294 1276 1336 Et qi domũ edificauit aut uineas aut suã heditatẽ
768 1325 1268 1357 honorauit ⁊ uno anno ĩ illa sedit ⁊ pꝰea ad aliã trã
765 1351 1276 1393 fuit qomo suiat ei tota sua heditas ui habitator fuit .
764 1378 1270 1419 Et si quesierit illas uende uendat ad qm uoluit p for
766 1412 1278 1448 d Valielias. Et homines d Valielias qi habuit iudiciũ
768 1435 1272 1479 siue iuramẽto qomo in iudico ⁊ passent super illos c
765 1461 1266 1502 duobꝰ iuratoribꝰ . Et illos peones d Valielias q passẽt
766 1493 1268 1530 sup illos caualeiros uilanos d totas alas tras ĩ iudico
763 1519 1268 1561 ⁊ ĩ iuramto cum duobꝰ iuratoribꝰ . Et homines qui d
765 1550 1287 1586 suis tris exint cum homicidio aut cum muliere rau
761 1575 1281 1615 sada aut cũ alia calumpia qelib sedat ni q n aducatt
765 1608 1266 1648 mulierẽ alienã d bndicoe ⁊ tornet se ad seniorẽ de
764 1631 1268 1674 Valielias ⁊ sedat soluto ⁊ defenso p for d Valielias.
766 1665 1271 1696 Et si quis homines d qcum tra cum ĩimicitate aut
769 1689 1284 1726 cũ pignore uenit ⁊ ĩ tmino d Valielias intrauit ⁊ nu
764 1716 1283 1784 llus ĩimicꝰ pꝰ illum uenit ⁊ pignora tollit au male
