1676 2226
442 173 931 225 fecit qomo pc ad seniorẽ d Valielias D sl ⁊ duplet
448 216 937 255 illa pignora aut illos liuores. Et q homines d Valie
446 239 940 279 lias descaualgar pc illi LX sl . Et homines d Valie
444 270 938 314 lias q los pisier ⁊ in pison illos misit qomo pc illi CCC sl .
444 299 930 341 Et homines d Valielias qui pndidint alios homines
442 330 932 366 d alias tras ⁊ ĩ pison illos miserit qomo pc illi V sl . Et si
441 358 933 393 homines d Valielias qmlib fiaduriã a medio anno n
440 382 937 420 requisierit q sedat soluto. ⁊ si migtus fuit sint filii eiꝰ
440 414 926 453 ⁊ uxor sua libi . ⁊ soluant homines d Valielias pigora
437 443 921 482 p seniore nc p meirino ni p suo uicino. Et dnõ dent
439 468 932 505 pousadã p for d Valielias in casa d caualeiro nc iudicis
437 499 930 534 nc d clicis ni p manũ d iudice ĩ casa d peones. Et homies
439 526 930 563 d Valielias qui homines tenuint ĩ suis heditatibꝰ aut
434 554 936 593 ĩ suos solares ⁊ n fuit ii suus senior ueniat ad sinal d iu
436 587 932 623 ice ⁊ det fiador ad uenidam de suo senior et faciat
435 612 931 651 q mandauit ⁊ calumpiam qlib fecit sit d suo senior
431 639 932 680 ⁊ det VII.ᵃ ad pal . ⁊ n suiat a nullo homine ni a suo se
434 667 928 709 nior in cuiꝰ solar sedit . ⁊ sua senara aut suas uineas
430 697 925 738 del rei tal couto hant qomo d uicino d Valielias. Et qi
431 727 930 766 uicinũ occidit ⁊ ĩ suam casam fugit qi pꝰ illum ĩtuit
430 751 932 791 ⁊ ĩ sua casa illum mactauit pc CCC sl ad parẽtes de
432 786 935 821 mortuo. Et qi mulierẽ aforciauit ⁊ illa uoces mittẽdo
430 810 941 849 uenit ⁊ ille cũ XII n potuit se saluare pc CCC sl ad mu
430 840 925 878 lierẽ ⁊ ad suos parentes. Et qi mulierẽ alienã feriuit
429 869 926 904 pc ad suũ maritũ XXX sl ⁊ VII.ᵃ ad pal . Et homines
429 895 930 937 d Valielias qui fiador parar p q calumpia illum pecit
426 928 927 962 ⁊ el fiador outorgar cum duobꝰ uicinis ⁊ ille n qsierit
426 950 922 989 collige fiador ⁊ super ipm occidit nos totum ꝯcilium
426 976 916 1020 pectabimꝰ ipm homicidiũ . Et palaciũ regis aut de
426 1004 921 1040 epo hant calumpiã ⁊ tota alia uilla hat unũ forum
425 1028 925 1069 ⁊ aliud palaciũ n hat calumpiam . Et ho d Valielias
425 1058 943 1098 qi fiador intrar ⁊ ꝯtẽtorẽ n habuit qlẽ fiadoriã fiar ta
425 1089 933 1134 lẽ pectet. Et si ꝯtentorẽ habuit mittat illũ ĩ manꝰ ⁊
430 1119 920 1166 exeat d fiaduria. ⁊ de suspecta d X sl ad ribam, cogno
424 1148 931 1194 min XII uicinos in redor sua casa ⁊ iuret cũ duobꝰ ⁊
423 1174 926 1221 exeat d calumpia ⁊ d X sl ad iuso iuret siue outo q
424 1209 933 1250 les alfar q uicinos sedant . Et totos homines d Va
418 1232 928 1282 lielias qui se tornauint ad aliũ seniorẽ qi ei bnfecit
423 1262 927 1303 sue case ⁊ sue heditates ⁊ uxor sua ⁊ filii sui sint libi
423 1298 923 1333 ⁊ soluti p for d Valielias. Et toto homie d Valielias
421 1321 925 1362 qi deserdado fuit ⁊ p sua manũ illd n pectauit qomo se
418 1350 932 1391 ton ad suam heditatẽ ui illa fuit sn calumpia . Et
421 1380 932 1418 toto homine d Valielias qi heditatẽ habuit ĩ alia tra
420 1408 930 1445 n faciat fosadum ni p forum d Valielias. Et toto
420 1435 930 1479 homine de Valielias qi habuit mulierẽ ad bndi
421 1461 933 1505 coem ⁊ laxauit illam qomo pc ad iudicẽ I d . Et si mu
420 1492 930 1532 lier suũ maritũ laxauit qm habuit ad bndcoem qo
419 1523 927 1559 mo pc CCC sl mdios ad pal ⁊ mdios ad suũ maritũ .
419 1549 926 1586 Et d casa derrota cum scutos ⁊ cum lanceas qi illã
416 1575 932 1620 disrumpit pc CCC sl mdios ad dnm d casa ⁊ mdios
420 1607 926 1643 ad pal . Et qi dedit ad uicinũ cum spada pc X sl ⁊
419 1639 921 1676 VII.ᵃ ad palacium. Et qi dedit cum lancea ad suum
421 1665 926 1701 uicinũ ⁊ exierit d una parte ad aliam pc XX sl ⁊
420 1690 920 1726 VII.ᵃ ad pal . Et si nõ exit pc X sl ⁊ VII.ᵃ ad pal . ⁊
418 1717 930 1779 d plaga un os exierit cada os X sl ⁊ VII.ᵃ ad palac .
989 192 1487 231 ⁊ d alia plaga V sl ⁊ VII.ᵃ ad pal . Et p tota pignora
989 218 1494 260 siue d ꝯcilio ul d palacio colligat fiador sup illa p ad forum.
988 249 1504 285 Et do ub ut n hat nulla defesa nc nullo mõte nc nullo pe
989 278 1501 316 lago ni d toto ꝯcilio . Et illud montadigũ d tmino d Valie
989 304 1502 342 lias mõtẽ lo caualeiros d Valielias cum suo seniore ⁊ pndãt
988 328 1497 368 in tciam . ⁊ nullum ganadũ de Valielias n sit mõtado . Et
989 362 1492 400 d portagio d pane ⁊ de uino, d carrega III ml . ⁊ d caualo ⁊
983 382 1490 428 d mulo qi lo uẽder I sl . Et d boue ⁊ d asino VI d . De car
985 409 1484 458 neiro ⁊ d cap ⁊ d porco III ml . De portadigo qi ad Valie
987 437 1490 484 lias uenit pndat suus ospes tciam . Facta carta mense
983 467 1484 513 Iulio sub e M.ᵃ CC.ᵃ XX.ᵃ VI.ᵃ, regnante rege Donno
983 493 1492 545 S. . Capta tra Ihrlm Salaadim ⁊ ipo anno mortuꝰ rex
981 524 1484 573 F. . Mds pbr notauit. Ego S. Di gra Port rex qi mgro
981 554 1499 599 Dno Gomecio ⁊ fratribꝰ eiꝰ d Valielias iure heditario ĩ ppe
978 582 1494 626 tuũ possidendam dedi ub pplatoribꝰ de Valielias hanc car
983 610 1499 660 tam una cum uxore ma ⁊ filiis ⁊ filiabꝰ mis robo ⁊ ꝯfirmo .
981 641 1481 684 Et homines d Valielias qi habuint iudiciũ ul oiũtã
981 667 1492 706 c hominibꝰ d aliis tris hant illos ĩ cabo d suis tminis .
983 699 1490 740 Et do ub for q stet caualeiro d Valielias p infancõ d to
983 729 1480 764 tis aliis tris siue ĩ iuramto qomo ĩ iudico ⁊ passẽt sup
985 755 1484 795 illos cum duobꝰ iuratoribꝰ . Et ego mgr Dõnus G. una
984 785 1480 822 cum fratribꝰ mis hanc cartã robo ⁊ ꝯfirmo in die Sce Marie
982 812 1481 855 d Augusto. Occhauas ⁊ acouges ⁊ almudes almoneda
984 840 1102 874 rent semp .
979 851 1482 912 Ego Alfonsus IIꝰ Di gra Port rex una cũ uxore
983 903 1482 938 ma reg Dna Vrr ⁊ filiis nris infantibꝰ Dõno S. ⁊ Dõno
987 923 1484 959 A. ⁊ Dõna Alionor ꝯcedo ⁊ ꝯfirmo ub pplatoribꝰ d Valie
985 949 1485 986 lias istam cartam ⁊ istud for q ub dedit pater ms rex
983 970 1483 1015 Dõnus S. . Et ut h mm fcm in ppetuũ firmissimũ rob
984 1005 1485 1043 obtineat pcepi fi istam mam cartam ⁊ eã feci mo si
983 1025 1491 1069 gillo plumbo ꝯmuniri . Facta fuit h carta mense Octobis
985 1051 1480 1101 sub e M.ᵃ CC.ᵃ L.ᵃ V.ᵃ. Nos sup nnti qi hanc cartã fi
988 1080 1475 1130 pcepimꝰ coram subsciptis eam robauimꝰ ⁊ ĩ ea h signa
984 1110 1492 1161 fecimus +++++. Qi affuer : Dõnus S. Bracar
985 1142 1479 1184 arciepc ꝯf . Dõnus M. Port epc . Dõnus P. Colimbien
988 1173 1492 1216 epc . Dõnus S. Vlixbonen epc . Dõnus S. Elboren epc .
985 1200 1480 1239 Dõnus P. Lamecen epc . Dõnus B. Visen epc . Dõnꝰ
985 1226 1489 1276 M. Egitanien epc ꝯf . Dõnus M. Io signif dni regis.
985 1258 1492 1302 Donus P. Io maiordomꝰ curie. Dõnus L. Suarii. Dõnꝰ
985 1284 1496 1329 Io Fernandi. Dõnus F. Fernandi. Dõnus Go Suarii.
987 1317 1492 1362 Dõnus Gil Valasquiz. Dõnus Rodicꝰ Mdi . Dõnus Põ
985 1344 1478 1391 Alfonsi. Dõnus Lo Alfonsi ꝯf . Magr Plagiꝰ cantor
984 1372 1469 1422 Port ts . Petrus Garsie ts . Vincenciꝰ Mdi ts . Mar
982 1406 1345 1446 Peti ts . Petrus Petri ts . Ioanninꝰ ts .
