1462 1986
731 246 1298 307 n nne sce ⁊ ĩdiuidue tinitatis p. ⁊ f. ⁊ s. s. uniꝰ sum
731 290 1287 338 mi Di facimꝰ istã cartã ĩ ipsiꝰ nne tinitatis . Ego rex
734 325 1306 367 A. Port parit cũ filio mo rege Sancio ⁊ cũ filias mas
731 350 1284 392 ub hoies d Troncosũ qi ibid pplatores estis p mãdatũ
715 375 1296 426 mm ⁊ d filiis mis siue qi uenĩt ad pplãdã facimꝰ ub cartã
715 412 1289 453 sct ⁊ fecimꝰ p sciptam ⁊ p pceptũ nrm firmit teneatis
715 440 1298 483 ut habeatis foro bono sic habẽt hoies d Salamãca . ⁊ nõ de
711 468 1296 506 tis mi neq ad pgenie me neq ad nullo hoie p homicidio
715 493 1298 534 ni VII ad palaciũ d CCC sl appciadura p cõcilio ⁊ p manũ
715 521 1299 566 d iudice. ⁊ nullo pcto nc ulla calũpnia n ĩtet ibi nullo mei
713 552 1294 594 rino, ni iudice d ꝯcilio . Et faciãt fossadũ la tcia de los caua
715 577 1296 622 leiros ⁊ las duas ptes stẽt ĩ Troncosũ . Et d illa una pars qi
716 607 1299 650 habuĩt aa dar ĩ fossado ⁊ nõ fuĩt , qomo det ĩ fossadeira V sl
716 635 1298 675 ĩ appciadura . Et nõ faciãt fossado ni cũ nro senior una ui
720 660 1296 701 ce ĩ anno, aut ura uolũtas fuit . Et peones n faciãt fos
715 687 1299 724 sado nc clicis . ⁊ nõ ĩtet ibi nũcio nc manaria d nullo qoq
716 711 1322 759 hoie p foro d Trõcoso . Et qi ĩ tmino filia aliena rausar
716 739 1299 789 ext sua uolũtate , qomo pctet a palacio CCC sl et exeat ho
718 769 1309 819 mizeiro d suos parẽtes . Si qis aliqis ĩt uos ĩ mcato aut ĩ ecc
715 803 1298 845 aut ĩ ꝯcilio plecato a pgõ ferida fecit a suo uicino, pctet
717 831 1304 874 X sl a ꝯcilio ⁊ VII a palacio, p manu d iudice. Et d furto
723 863 1288 905 qlibet sedeat, qe coligat suo dõno suo cabdal ⁊ d illa calũp
721 890 1286 933 nia partat c iudice p medio. Et qi domũ hedificauit aut
720 920 1296 956 uineas aut heditate sua honorauit ⁊ uno ãno ĩ illa sedit ,
720 946 1294 994 ⁊ postea ⁊ alia tra fuit , qomo suiat illi tota sua heditate
721 983 1296 1022 ui illi habitãtes fuĩt . Et si quesierit illas uẽde uẽdat ad qe
720 1006 1301 1045 uoluit p foro d Trõcoso . Et hoies d Trõcoso qi habuĩt iudicio
713 1032 1314 1080 l aiunta c hoies d alias tras , habeãt illos ĩ cabos d suos tminos .
715 1062 1296 1112 Et dono ub foro qe stet caualeiro d Trõcosũ p ĩfanciõ d totas
713 1093 1294 1136 alias tras siue ĩ iuramto qomo ĩ iudicio, ⁊ passẽt sr illos
713 1118 1299 1163 cũ duos iuratos. Et hoies qi d suas tras exierĩt cũ homici
713 1150 1304 1194 dio aut cũ muliere rausada l c alia calupnia qlibet se
713 1178 1301 1219 deat, ni qi nõ aducat mulier aliena d bndictione , ⁊ tornet
711 1206 1304 1254 se a senior d Trõcoso , ⁊ sedeat solto ⁊ dfeso p foro de Trõcoso .
711 1237 1303 1277 Et si aliqis hoies d qcũq tra c inimicicia aut cũ pignora ue
715 1264 1309 1309 nit ⁊ ĩ termino d Trõcoso ĩtratũ fuit ⁊ nullꝰ inimicꝰ pꝰt illũ
715 1290 1319 1333 ĩtret ⁊ pigna tollerit aut male illi fecit , qomo pctet a senior
708 1315 1298 1365 d Troncoso qingẽtos sl ⁊ duplet illa pignora aut illos li
708 1343 1326 1391 uores. Et qi hoies d Trõcoso pignorauit ⁊ ĩ ꝯcilio nõ pecierit
711 1375 1306 1423 directo qomo pectet a senior d Trõcosũ LX sl ⁊ duplet illa pig
711 1405 1301 1448 nora a suo dno . Et hoie d alias tras qi caualeiro d Trõcosũ
711 1436 1298 1476 descaualgar, qomo pctet illi LX sl . Et hoies d Trõcosũ qi los p
715 1466 1294 1512 siere ⁊ ĩ psiõ illos misit , qomo pectẽt illi CCC sl . Et si hoies
711 1496 1296 1535 d Trõcosũ p qlib⁊ fiadoria a medio anno illo n reqesierit , que
711 1524 1296 1567 sedeat solto. Et si migtũ fuit , sĩt filii ⁊ uxor sua libi . Et n
711 1552 1301 1593 soluãt hoies d Trõcosũ pignora p senior nc p meirino nisi
710 1582 1293 1620 p suo uicino. Et nõ donẽt pousadũ p foro d Trõcosũ ĩ casa
710 1610 1294 1655 de caualeiro, nc de uiuuas, nc d clicos , ni p manu de iudice ĩ ca
711 1633 1301 1678 sa de peones. ⁊ hoies d Trõcosum qi hoies tenuĩt ĩ suas hedita
710 1668 1312 1714 tes aut ĩ suos solares ⁊ n fuit ibi suo senior, ueniat ad sinal
706 1694 1317 1752 d iudice ⁊ det fiador a uenida d suo senior ⁊ faciat q mãdarẽt .
