1569 2026
288 101 863 141 In calupnia qlibet fecit sedeat d suo senior ⁊ VII a placo .
288 124 859 167 ⁊ nõ suiat a nullo hoie ni a suo senior, ĩ cꝰ solar souer. Et
287 151 859 197 sua senara aut suas uineas del rei tal couto hat qomo d uici
283 184 863 231 no d Trõcosũ . Et qi uicinũ occidit ⁊ ĩ sua casa fugierit, qi pꝰ
286 212 847 258 illũ ĩtret ⁊ ĩ sua casa lo matare, pctet CCC sl a parẽtes
283 238 857 288 del morto. Et qi mulier aforciauit ⁊ illa uoces mittẽdo ue
280 268 857 312 nit , ⁊ illa c duodecĩ nõ potuit se saluare, pctet CCC sl a la
278 293 864 339 mulier ⁊ ad suos parẽtes . Et qi mulier aliena feriret pctet
276 324 854 371 a suo marido XXX sl ⁊ VII a placio . Et hoies d Trõcosũ qi fi
276 352 854 400 adores parat p q calupnia ille pecierit ed el fiador octorgr
280 378 857 430 c duos uicinos ⁊ ille nõ qsierit collige fiador ⁊ sr ipm occi
278 410 852 458 dit nos toto ꝯcilio pctabimꝰ ipm homicidiũ . Et placio re
275 440 849 484 gis d epo hant calũpniã ⁊ tota alia uilla hat uno foro ⁊ a
271 469 861 511 lio palacio nõ habeat calũpnia . Et hoies d Trõcosũ qi fiador
271 494 859 538 ĩtrar ⁊ cõtẽtor nõ habuit qle fiadoria fiar tale pectet. Et
270 520 856 565 si ꝯtẽtor habuit mittat illũ ĩ manꝰ ⁊ exeat d illa fiadoria. ⁊
270 550 857 602 d sꝰpecta d X sl ad riba cognominet XII uicinos ĩ redor sua
275 585 849 628 sua casa ⁊ iuret cũ duos ⁊ exeat d calũpnia . Et d X sl ad
275 611 854 661 iuso iure siue ⁊ outro qles alfar q uicinos sedeãt . Et toto ho
275 641 854 680 mine d Trõcoso qi se tornar ad aliũ seniorẽ qi bnfecit suas
270 673 848 713 casas ⁊ suas heditates ⁊ uxor sua ⁊ filii sui sĩt libi ⁊ soluti
269 694 847 733 p foro d Trõcoso . ⁊ do ub for qi nõ hatis aliũ seniorẽ ni ad
268 720 852 771 regẽ aut a suo filio ad qi uos ꝯcilio quesieritis. Et toto hoie
273 748 852 795 d Troncoso qi deserdado fuit ⁊ p sua manu nõ lu peitar qomo
268 776 842 818 se torne ad sua heditate ui illa fuit sn calũpnia . Et toto
270 805 854 850 hoie d Trõcoso qi heditatẽ habuit ĩ alia tra nõ faciat fos
270 834 856 879 sado ni p for d Trõcoso . Et toto hoie d Trõcoso qi habuit mu
268 862 852 903 lier ad bndictoes ⁊ laxauit illã qomo pctet ad iudice I d .
270 891 852 930 Et si mulier ad suũ maritũ laxauit qi habuit ad bndictoe
279 919 783 966 qomo pctet CCC sl medios a palacio ⁊ medios a palacio
700 916 849 955 a suo marido .
268 950 846 989 Et d casa drota cũ escudos ⁊ cũ lãzas qi la derope pectet
270 975 854 1019 CCC sl , medios a dono de la casa ⁊ medios a placio . Et qi dedit
270 1004 849 1046 a suo uicino cũ spada XL sl ⁊ VII a placio . Et qi dedit cũ lã
270 1034 842 1075 za a suo uicino ⁊ exierit d una pte ad alia pctet XX sl
276 1058 857 1105 ⁊ septima a placio . ⁊ si nõ exierĩt pctet X sl ⁊ VII.ᵃ a pla
270 1092 852 1137 cio . Et d plaga un osso exierit cada osso X sl ⁊ VII.ᵃ a pa
270 1122 857 1168 lacio. ⁊ d alia plaga V sl ⁊ VII.ᵃ a placio . Et p tota pigno
273 1154 856 1193 ra siue d ꝯcilio l d palacio colligat fiador sup illa pignora
268 1183 863 1229 p a foro. Et dono ub q nõ hat nulla deuesa nec nllo mõte
271 1213 854 1256 nec nullo pelago ni de toto ꝯcilio . Et illo mõtadigo d uici
275 1237 854 1284 no d Trõcosũ cũ suo senior ⁊ pndãt in la tciã . Et nullo ga
271 1269 851 1308 nato d Trõcosũ n sedeat mõtado . Et d portadigo d pã ⁊ de
271 1298 847 1337 uino de la carga III mel . Et d caualo ⁊ d mulo qi lo uẽdit
271 1321 847 1364 I sl . Et d boue ⁊ d asino I sl . De carneiro aut d cab au
271 1352 849 1392 d porco III mel . Et d toto portadigo qi ad Trõcosũ uenit
276 1374 851 1423 aphẽdat suo hospite la tcia . Ego Alfonsꝰ Di gra Port
271 1401 856 1451 rex, una cũ uxore reg Dna Vrraca, ⁊ filiis mis ĩfãtibꝰ
270 1435 857 1475 Dõno Sancio ⁊ Dõno Alfonso ⁊ Dõna Alionor, ꝯcedo ub mo
271 1463 849 1507 ratoribꝰ d Trõcoso istã cartã ⁊ istud for q ub dedit auꝰ
273 1492 852 1538 ms ĩclite memorie rex Dõnꝰ Alfõsꝰ , ⁊ illud ub ꝯfirmo . Et
271 1521 852 1565 ut hc firmiꝰ robur obtineat, pcepi fieri istã cartã ⁊ eã
271 1553 854 1598 feci mo plũbeo sigillo ꝯmuniri . fuit hc carta mense
271 1575 854 1625 Octbr apd Trõcosũ e M.ᵃ CC.ᵃ L.ᵃ V.ᵃ. Ego rex sup nnatꝰ
275 1610 856 1656 ⁊ uxor ma ⁊ filii hãc cartã roborauimꝰ , ⁊ ĩ ea hec signa
271 1639 856 1686 fecimus +++++. Qi affuert : Domnꝰ Stephanꝰ Bracar
271 1663 849 1715 archieps ꝯf . Dõnꝰ Martinꝰ Port eps ꝯf . Dõnꝰ Petrꝰ
271 1693 849 1744 Colĩbien eps ꝯf . Dõnꝰ Suariꝰ Vlixbon eps ꝯf . Dõnꝰ Suariꝰ
275 1718 866 1782 Elboren eps ꝯf . Dõnꝰ Plagiꝰ Lamecen eps ꝯf . Domnꝰ Barth
873 104 1462 151 Visen eps ꝯf . Dõnꝰ Mar Egitanien eps ꝯf . Domnꝰ Mar Ihnis
873 126 1452 175 signif dni regis ꝯf . Dõnꝰ Pe Ih maiordomꝰ curie ꝯf . Dõnꝰ
869 160 1428 207 L. Suarii ꝯf . Dõnꝰ Gomeciꝰ Suarii ꝯf . Dõnꝰ Gil Valasqiz ꝯf .
869 190 1427 236 Dõnꝰ Ihns F. ꝯf . Dõnꝰ Fernãdꝰ Fernãdi ꝯf . Dõnꝰ Rodicꝰ Mdiz
867 217 1430 266 ꝯf . Dõn Põciꝰ Alfõsi ꝯf . Dõn L. Alfõsi ꝯf . Magr Plagiꝰ can
871 249 1435 297 tor Port ts . Vĩcẽciꝰ Mdiz ts . Petrꝰ Peti ts . Gonsaluꝰ Menẽdi
869 273 1075 325 cancellariꝰ curie ꝯf .
