1677 2226
1062 569 1255 619 Carta de Contras
753 597 1192 645 n nne patis ⁊ filii ⁊ sps sci am . Hec est carta
1198 604 1235 643 ta
750 630 1260 671 de foro qm iussi fi ego Alfonsus Di gra Port rex una
749 657 1249 697 cum uxore ma regina Dna Vrraca, ⁊ filiis mis infã
751 682 1246 723 tibꝰ Dõno Sancio ⁊ Dõno Alfonso ⁊ Dõna Alionor. Vb
749 708 1261 754 pplatoribꝰ de Contrasta tam psentibꝰ qm futis . In pimis
750 743 1256 781 ꝯcedimus ub ut nõ detis p homicidio ni CCC sl ĩ ap
748 771 1258 807 ciadura ⁊ de illis trecẽtis solidis detis ind VII.ᵃ ad pala
751 800 1257 838 cium ⁊ p manũ iudicis. Et ĩ aliqo pecto ul ĩ aliq calũp
749 824 1251 864 nia nõ intret ms merinus ni iudex de uro ꝯcilio . Et
749 854 1251 892 tcia pars de uro cõcilio faciat fossadum ⁊ alie due par
749 882 1246 922 tes stent ĩ ura uilla. Et de illa tcia qi deburĩt facere
749 910 1249 949 fossadum ille qi ibi nõ fuit pectet p fossadeira V sl
748 933 1246 973 ĩ apciadura . Et nõ faciatis fossadum ni cum dno uro
750 963 1254 1005 una uice ĩ anno, ni fuit p bneplacitũ urm . Et clerici ⁊
750 994 1250 1032 pedones nõ faciãt fossatum. ⁊ nõ intret ii nũciũ neq
751 1025 1246 1059 manaria de aliqo hoie de Contrasta. Et qi ĩ tmino de
750 1053 1251 1085 Contrasta filiam alienã rapuit ꝯt suam uolũtatẽ ,
751 1077 1256 1117 pectet ad palaciũ CCC sl , ⁊ exeat p homicida. Et si ali
751 1108 1251 1150 quis int uos mcato aut ĩ ecc aut ĩ ꝯcilio apgonato p
749 1141 1254 1178 cussit suũ uicinũ , pectet LX sl ad ꝯciliũ , ⁊ sit ind de
749 1169 1255 1208 palacio, p manũ iudicis. Et de qolibet furto, dns furti
746 1194 1261 1237 recipiat suũ cabum, ⁊ alias VIII partes diuidat p mediũ
748 1219 1255 1262 cum iudice. Et ille qi domũ fecit aut uineã aut he
746 1246 1249 1287 ditatẽ suam honorauit , ⁊ unũ ãnũ sedit ĩ illa, si pꝰea
748 1275 1251 1321 ĩ alia tra habitare uoluit , suiat ei sua heditas , ubĩcq
748 1308 1260 1350 habitauit . Et si uoluit illas uende , uendat cui uoluit
749 1340 1263 1372 p for de ura uilla. Et homines de Contrasta qi debuerĩt
748 1365 1251 1398 habe iudiciũ aut uindictam cum hoibꝰ de aliis tris ,
749 1391 1254 1427 habeant illud ĩ capite tminor suor . Damus ub p fo
750 1424 1275 1459 ro qd miles de Contsta stet p ĩfantoe de toto nro reg
749 1449 1247 1481 no ĩ iudicio ⁊ ĩ iuramto ⁊ uĩcat cũ duobꝰ iuratoribꝰ .
753 1471 1244 1508 Et pedes de Contrasta stet p milite uillano, ĩ iudicio
749 1498 1249 1538 ⁊ ĩ iuramto , de totis nris tris , ⁊ uĩcat cum duobꝰ iura
748 1523 1249 1566 toribꝰ . Et homines qi de suis tris exierĩt cum homi
749 1560 1251 1592 cidio aut cum muliere rausadam ul cum alia qlibet
745 1582 1252 1626 calũpnia , excepto qd nõ ducat mulierẽ alienã de bne
749 1607 1246 1654 dictoibꝰ , ⁊ fecit se uassalum de hoie de Contrasta, sit
749 1636 1247 1681 lib ⁊ defensus p for de Contrasta. Et si ho de alia qli
750 1668 1247 1711 bet tra uenit cum inimicitia aut cum pignora, pꝰq
750 1694 1251 1737 ĩ tmino de Contrasta intuit si inimicꝰ eiꝰ pꝰ ipm ĩtoie
751 1726 1249 1782 rit ⁊ ei pignus abstulit aut aliqd malum ei fecit
