1676 2226
431 169 933 217 pectet dno qi tenuit Contrastam D sl , ⁊ duplet pignus
432 202 925 246 ei cui abstulit ⁊ liuores qos fecit . Et qi hominẽ de Con
431 231 922 274 trasta pignorauit ⁊ antea nõ pecierit directum ĩ ꝯci
431 262 923 301 lio uro , pectet ad palaciũ LX sl , ⁊ duplet pignora illi ci
431 286 928 326 accepit . Et ho de alia terra qi militẽ de Contrasta desca
431 316 930 359 ualgat pectet LX sl . Et ho de Contrasta qi militem
430 343 926 383 de alia tra descaualgar, pectet V sl . Et si ho de alia
430 368 931 414 tra aphendit hominẽ de Contrasta ⁊ eum ĩ psione
430 404 928 443 misit , pectet CCC sl . Et si ho de Contrasta aphẽdit
431 426 928 473 hominẽ de alia tra , pectet V sl . Et si homo de Conts
430 461 930 497 ta p aliq fiaduria p medium ãnũ nõ fuit reqisitus ,
431 490 930 529 sit liber de illa. Et si mortuus fuit , mulier ⁊ filii eiꝰ
431 518 923 558 sint libi de illa. Et homines de Contrasta nõ soluãt
431 546 935 592 pignora p dno de Contrasta, neq p merino neq sĩt pig
430 578 933 620 norati p suo uicino. Et mil it es de Contrasta neq mu
429 607 928 644 lieres uidue nõ dent pausatam p for de Contrasta ni
429 635 923 669 pedones p manũ de iudice usq ad tcium diẽ . Et ho
427 659 923 695 mines de uris tminis ul de aliis tris qi sedint ĩ uras
427 690 922 730 heditates aut ĩ uros solares, ⁊ dni eor nõ fuint ibi,
429 718 923 754 ueniant ad signum de iudice, ⁊ dẽt fideiussores q res
429 745 922 779 pondeant ad directum qndo uenint dni sui. Et si
430 770 926 805 fecerint calũpniam pectent illam dnis suis ⁊ VII.ᵃ ad
429 797 923 833 palaciũ . Et nõ seruiant ad aliũ hominẽ ni ad dnos
429 826 925 865 suos ĩ qor solare sedint . Et senara ⁊ uinee dni regis
430 848 933 886 hant tale forum qle senare ⁊ uinee ure habuint . Et
429 880 935 920 qi uicinũ suũ occidit ⁊ in domo sua fugit qi pꝰ illũ int
429 910 930 949 uit ⁊ ibi eum mactauit , pectet CCC sl . Et qi mu
427 936 926 975 lierẽ aforciauit ⁊ ipa uoces mittendo uenit , si ipe
427 960 917 1006 cum XII nõ potuit se saluare pectet CCC sl . Et qi
426 991 923 1035 mulierẽ alienã pcussit pectet ad suũ maritũ XXX
426 1022 931 1061 sl ⁊ VII.ᵃ ad pla . Et homo de Contrasta qi fideiussores
425 1048 922 1091 dare uoluit p intentiõe de q eum ĩqietauit ⁊ dedit
426 1074 932 1125 duos homines fideiussores, ⁊ ipe tciꝰ , si ille qi eũ ĩqieta
426 1108 925 1158 uit nõ uoluit recipe fideiꝰsores ⁊ eum pꝰtea macta
427 1142 928 1179 uit , totum ꝯcilium pctet homicidiũ suis parentibꝰ .
424 1167 932 1211 Et placium dni regis ⁊ placium epi hant calũpniã ,
425 1194 930 1240 tota ciuitas hat unũ for . Et homo de Contsta qi fideiꝰ
424 1224 935 1265 sores ĩtuit , qi ꝯtẽtor eũ nõ libauit , qualẽ fiadoriã facit ta
423 1256 932 1297 lem pectet. Et si habuit illum suũ ĩtentorẽ , mittat il
421 1283 932 1325 lum p se ⁊ exeat ipe de fiaduria. ⁊ de suspecta de X sl ad
424 1314 935 1355 minus, iuret c uno uicino qlem habuit . ⁊ de X sl ⁊ su
424 1341 930 1378 p iuret cũ duos uicinos. Et ho de Contrasta qi se tor
426 1367 930 1403 nare ad alium dmn ut ei bnfaciat , sua casa ⁊ sua
423 1390 930 1428 heditas ⁊ uxor sua ⁊ filii sui sint libi p for de uro cas
423 1419 930 1461 tello. Damꝰ ⁊ ub p foro ut nõ habeatis aliũ dmn ni
423 1448 930 1490 me regẽ ⁊ uxorem mam ⁊ filios nros . Et ho de Cõ
423 1475 928 1516 trasta qi fuit exhedatus ⁊ p manũ suam n pectauit
421 1503 930 1540 suam heditatẽ , uadat illam accipe sine aliq calũpnia .
420 1527 928 1569 Et totꝰ homo de Contrasta qi habuit heditatẽ ĩ alia
423 1556 926 1595 tra nõ faciat fossatum ni p forum de Contrasta. Et
421 1585 923 1628 homo de Contrasta qi habuit mulierem ad bnones ,
425 1613 935 1659 si eam laxauit pectet I d ad iudicẽ . Et si mulier la
421 1639 922 1683 xauit suũ maritum qe habet ad bnones , pectet
420 1674 922 1716 CCC sl , medietatẽ ad placium ⁊ medietatẽ ad suũ
421 1697 920 1746 maritũ . Et qi disrũpit casam cũ lanceis ⁊ cũ scu
421 1733 917 1785 tis de la porta adento , pectet CCC sl , medietatẽ ad
980 178 1468 222 dnm de ipa casa ⁊ medietatẽ ad palaciũ . Et qi pcꝰ
980 204 1466 253 sit suũ uicinũ cum spata, pectet X sl , ⁊ VII.ᵃ ad
983 239 1471 277 palaciũ . Et qi pcussit suũ uicinũ cum lancea ⁊
980 268 1480 302 exierit de una parte ad aliã , pectet XX sl ⁊ VII.ᵃ ad
984 294 1476 333 palaciũ . Et si nõ exierit ad aliam partẽ , pectet XX
977 321 1480 357 sl . Et de plaga un ossa exierit, p unoqo osse pectet
983 345 1486 387 X sl , ⁊ VII.ᵃ ad pla . Et de alia plaga V sl , ⁊ VII.ᵃ ad pla .
980 378 1475 413 Et p tota pignora siue sint de ꝯcilio siue de palacio,
985 403 1470 440 recipiãt fideiussorẽ p ad for . Et ꝯcedimus ub q nõ
980 435 1487 473 habeamꝰ deuesam neq mõtẽ neq placiũ ni de toto
980 458 1468 498 ꝯcilio . Et mõtadigo de extemo de Contsta accipiãt
980 494 1476 528 illd milites de Contrasta cum dno suo. Et hant in
980 518 1489 561 tciam partẽ . ⁊ nullus accipiat mõtadigũ de gana
980 552 1480 589 tis de Contrasta. Et homines de Contrasta n dẽt
980 582 1480 619 portagiũ ĩ toto mo regno. Et de carrega de porta
982 614 1475 646 gio de peon, III mealias, ⁊ de caualo, I sl , ⁊ de mu
979 639 1476 680 lo I sl , ⁊ de boue VI d . Et de toto portagio q uenit
980 660 1479 707 ad Contrastam, hospes ui pausauit tciam partẽ , ⁊ por
980 692 1475 730 tariꝰ accipiat duas partes. Nenguno uicino n res
982 717 1471 758 pondeat sine rancuroso. Totas istas intenciones
983 749 1481 785 iudicẽt alcal de uilla ura p suam cartam. Et alias
980 772 1481 806 intenciones iudicẽt scdm sensum suũ , sic meliꝰ po
983 796 1485 837 tuint . Facta fuit h carta apd Vimar , XI die Augꝰ
982 828 1483 869 ti E M.ª CC.ª L.ª V.ª. Nos supnnati qi hanc cartam fi p
984 858 1485 890 cepimus , coram subsciptis eam roborauimꝰ ⁊ ĩ ea hec
980 881 1492 918 signa fecimus.++++ Et sciendum e q pat ms
982 906 1491 947 ĩclite memorie rex Dõnus Sanciꝰ fecit hoibꝰ de Cõ
984 941 1481 976 trasta aliam talẽ cartam, et ego ꝯcedo eis illam
983 963 1492 1002 ⁊ ꝯfirmo , ⁊ sup hoc dedi eis istam mam cartam mu
983 993 1491 1028 nitã mo sigillo plumbeo. Qi affuerũt : Dõnus Ste
983 1020 1478 1066 phanus Bracaren archieps ꝯf . Dõnus Mar Port
984 1048 1485 1095 eps ꝯf . Dõnus Pe Colimbien eps ꝯf . Dõnus Sua
982 1077 1480 1126 riꝰ Vlixbonen eps ꝯf . Dõnus Suariꝰ Elboren eps
982 1109 1494 1151 ꝯf . Dõnus Plagius Lamecen eps ꝯf . Dõnus Bartho
982 1141 1487 1188 meus Visen eps ꝯf . Dõnus Martinus Egitanien eps
982 1171 1489 1214 ꝯf . Dõnꝰ Martinus Ihnis signifer dni regis ꝯf . Dõnus
983 1198 1483 1235 Pe Ihnis maiordomus curie ꝯf . Dõnus Laurẽciꝰ Sua
984 1224 1483 1271 rii ꝯf . Dõnus Gomeciꝰ Suarii ꝯf . Dõnus Gil Valas
980 1258 1483 1300 quiz ꝯf . Dõnus Ihns Fernandiz ꝯf . Dõnꝰ Fnandꝰ
980 1281 1485 1325 Fernandi ꝯf . Dõnus Rodicus Mdiz ꝯf . Dõnꝰ Pon
980 1312 1481 1352 ciꝰ Alfonsi ꝯf . Dõnus Lopus Alfonsi ꝯf . Magr Pel
979 1346 1479 1382 cantor Port ts . Vincenciꝰ Mdiz ts . Petrꝰ Garsie
975 1367 1470 1411 ts . Suariꝰ Steph ts . Petrꝰ Peti ts . Martinꝰ Peti ts .
983 1393 1492 1430 Gunsaluus Mdi cancell curie ꝯf . Fnandꝰ Suarii scipsit .
