2541 2900
186 188 2088 333 In Di nne . Ego Alfonsus infans comitis Henrici filius ⁊ regine Tharasie facio cartã donatois ⁊ firmitudinis ub hoies de Penela
176 268 2113 386 ⁊ cunctis q ibi habitauĩt , dono atq ꝯcedo ub mm castllm cũ suis tminis cũ mõtibꝰ ⁊ fõtibꝰ tris ⁊ pascuis ruptis ⁊ nõ ruptis, cuiꝰ uo isti
181 309 2108 435 sũt tmini . De illa cabeza de Mata Furata ⁊ ferit in Dueza ⁊ uadit ad illam cabezam de Albariol ⁊ fert in illa Taliada ⁊ uadit p illũ
183 369 2132 483 lumbũ rosum ⁊ fert in illa uia antiq de serra ⁊ qomodo currit aq ad illud flumẽ de Alsie ⁊ fert in directũ ad ipm portũ de Lagenas ⁊ per
196 407 2123 534 git ad cabezam de Ouelia ⁊ descendit p illam Vallẽ de Pito ⁊ uadit ad Figueiroa ⁊ intrat in illa aq de Ladeia usq in illo Vlmar ⁊ fert
183 462 2141 578 in cabeza de Mata Furada. Dono atq ꝯcedo ub ipm castrum cũ suis optimis foris. De uno iugo boum II qr mediũ ttici ⁊ me
181 507 2132 638 dium ordei. ⁊ qntum habeat unꝰ homo plures boues nõ det plus de II qr . Et illi qi si habitauĩt uineas ⁊ habitauĩt qinq qi
183 559 2139 679 nales deinde dẽt inde duos puzales ⁊ nũq plus, et nõ uadat maiordomꝰ ad suũ lagar. De cuo unũ lombũ . De porco duas
186 605 2136 731 costas. Monteiro qi nõ dedit iugadam ⁊ iuit ad mõtem des qndo habuit in mõte VIII dies det alqr de mel ul arratal de
185 658 2114 786 cera. Et conilariꝰ unũ coneliũ cũ sua pelle. Et miles qntos hoies potuit habe in sua heditate sĩt libi . Mulier si uir eiꝰ
183 693 2146 845 miles mortuꝰ fuit in qntum fuit uidua nõ det iugadam. Miles si forte euenit in misia ⁊ ĩ pauptate nõ det iugadam.
183 754 2133 894 Oms qi ibi habitauĩt habitauĩtq duo iuga boum ⁊ X oues ⁊ duas uaccas ⁊ unũ lectũ de pãnis , illud qd habuit plus emat
176 802 2129 949 inde caballũ . De homicidio ⁊ de rausso intꝰ facto XXX sl ⁊ foras XV sl . De latone V sl ⁊ pcuciãt illũ ante ⁊ reto . De illa
174 860 2113 1012 atalaia rex mediã ⁊ habitatores aliã mediã . De uigilia de muro rex mediam ⁊ habitatores aliã medi . De pua
169 901 2115 1085 cum scuto ⁊ cũ lancea ille qi cecidit donet II sl . Et de porrina I sl . De iudice pcusso X sl . De sagione pcusso V sl .
185 953 2134 1131 Et oms alias calũpnias qe ibi facte fuĩt nõ pariãt aliq rem s faciãt iudiciũ int se ⁊ ꝯueniãt se bn . Et si aliqis homo
178 998 2142 1191 nõ uoluit intre in iudiciũ uicinor suor uendat illud qd habuit totũ ibi ⁊ exeat de nro castllo . Homo qi fuit ad domũ uicinor
181 1044 2139 1247 suor sine alcaide ul sine iudice det LX sl , XXX.ᵃ regi ⁊ XXX.ᵃ ꝯcilio . Et si ibi adduxit arma det V sl ⁊ pdat illa. Qndo fuimꝰ
169 1089 2142 1300 in fossado regis demꝰ medietatẽ qomo sua ceation . Homo de Penela in qntum fuit de infante nõ det poortaticũ . Homo de
166 1135 2132 1343 Penela nõ faciãt ullũ iudiciũ ni in suo castllo . Et illud cautũ qd ub mãdastis sit p suos tminos ⁊ si ullꝰ homo illud irrũpe uo
178 1184 2110 1394 luit pctet DC sl ad regem. Et oms qi ibi uenĩt ad pplandum sue heditates uicumq fuĩt sĩt libe . Et ad illũ alcaide suas qi
174 1227 2120 1435 ntas ⁊ suas alcaidarias ⁊ suos foros habeat. Clicus qi ibi fuit in eccla donet ad epm qi ibi fuit unã pellẽ de ianeta ⁊ I
178 1283 2105 1491 alqr de mel. Et si aliqis homo uenit ul uoluit hoc mm sciptum corrũpe sit maledictꝰ ⁊ excouicatꝰ ⁊ cũ Iuda tditore in
176 1314 2086 1539 inferno ꝯdẽpnatꝰ . Facta k donatois ⁊ firmitudinis mense Iulli, e M.ᵃ C.ᵃ LXX.ᵃ V.ᵃ. Ego infans Aldefonsꝰ qi hãc cartã
186 1375 2117 1580 iussi fieri cũ manu ma roboraui ⁊ signa hc feci +. Bernaldꝰ eps ꝯf . Martinꝰ Guiliufiz ts . Egas Moniz ts . Lourina ts .
178 1428 950 1512 Didacꝰ Tstimiriz ts . Ptrs Martinii ts . Garsias
1063 1471 2086 1648 Maurꝰ ts . Plgius Tstimiriz ts . Rodicꝰ Pelaiz ts . Alcaide Egas Mo
176 1469 942 1573 niz ts . Fnandꝰ Captiuꝰ ts . Sancho Nuniz ts .
176 1517 2059 1684 Ego Alfonsꝰ Di gra Portugalen rex una cum uxore ma regina Dna Vrruca ⁊ fillis mis infantibꝰ Dõno Sancio ⁊ Dõno
186 1578 2055 1742 Alfonso ⁊ Dõna Alionor ꝯcedo ⁊ ꝯfirmo ub moratoribꝰ de Penela istam cartã ⁊ istud for qd ub dedit auus ms rex Dõnꝰ
188 1636 2064 1776 Alfonsꝰ . Et ut hoc mm factũ in ppetuũ firmũ robur optineat pcepi fieri istam cartã mo plumbeo sigillo munitã . Facta fu
186 1677 2055 1841 it hec carta mense Nouembi e M.ᵃ CC.ᵃ L.ᵃ V.ᵃ. Nos sup nnati reges qi hanc cartã fieri pecepimꝰ corã subsciptis eam robo
200 1727 1349 1827 rauimꝰ ⁊ in ea hc signa fecimus +++++. Qui affuerunt:
203 1769 889 1882 Dõnꝰ Martinꝰ Ihnis signif dni regis ꝯf .
198 1830 787 1907 Dõnꝰ Petrꝰ Ihnis maiordomꝰ curie
193 1868 563 1976 Dõnꝰ Laurenciꝰ Suarii
198 1921 473 1988 Dõnꝰ Ihns Fndiz
204 1965 541 2038 Dõnꝰ Fnandꝰ Fnandiz
200 2010 524 2092 Dõnꝰ Gomeciꝰ Suarii
199 2059 472 2129 Dõnꝰ Gil Valasqiz
203 2104 510 2178 Dõnꝰ Rodicꝰ Mdiz
200 2148 505 2247 Dõnꝰ Ponciꝰ Alfonsi
195 2196 490 2298 Dõnꝰ Lopus Alfonsi
207 2247 447 2339 Vincẽciꝰ Mdiz
195 2295 413 2390 Petrꝰ Garsie
195 2341 374 2426 Ihoanninꝰ
589 2322 652 2477 ts .
1404 1778 1948 1906 Dõnꝰ Stephs Bracar archieps
1409 1836 1970 1950 Dõnꝰ Martinꝰ Portugalen eps
1404 1887 1948 1991 Dõnꝰ Petrꝰ Colimbien eps
1395 1930 2006 2061 Domnꝰ Suariꝰ Vlixbon eps ꝯf .
1395 1976 1948 2112 Dõnꝰ Suariꝰ Elboren eps
1387 2017 1934 2141 Dõnꝰ Plagiꝰ Lamecen eps
1385 2080 1924 2201 Dõnꝰ Bartolomeꝰ Visen eps
1385 2129 1917 2257 Domnꝰ Martinꝰ Egitan eps
1385 2182 1813 2286 Mgr Plgius cantor Port
1378 2237 1586 2310 Martinꝰ Petiz
1373 2276 1578 2370 Petrꝰ Petriz
1808 2242 1854 2349 ts .
829 2329 1378 2474 Gunsaluus Mdi cancell .
938 2416 1322 2537 Fnandꝰ Suarii scipsit .
