1532 2002
88 765 173 845 D Turribꝰ
96 829 163 885 Nouis
231 810 807 852 n nne sancte ⁊ ĩdiuidue tinitatis patis ⁊ f. ⁊ s. s. , am . Qm
226 837 807 885 Ds ompt iꝰtꝰ iudex oibꝰ ĩ trã potestatẽ excẽtibꝰ pcep pplm
221 867 819 915 si subditũ ĩ iꝰticia ⁊ eqitate rege ut Salamone legit : diligi
223 899 819 942 te iꝰticiã qi iudicatis tram . Ido ego rex Dõnꝰ Sãciꝰ ⁊ uxor ma
225 929 814 970 reg Dna Dulcia cũ filiis nris diuino oraclo erudita ne
232 954 819 1001 cessariũ duximꝰ rapinas ⁊ ĩiurias hoinũ habitãciũ ĩ Tribꝰ
226 980 812 1031 Nouis mscdit remoue , meditãtes maiꝰ ⁊ meliꝰ ĩ aiar salute q
230 1017 826 1061 ĩ caducarũ rer adqisicionẽ lucrũ nos ee ꝯsecutos . Vn ĩ uilla
230 1044 824 1092 ista sub potestate nra ꝯstituta talia damꝰ decta . Si qis go rau
228 1075 825 1121 sũ l homicidiũ , l disrupit domũ c armis ul c fidas l fre
228 1104 811 1149 git portas ĩtns dom ui ĩ cauto uille, pc D sl . Si rausũ
231 1133 831 1175 uel homicidiũ ext uillã LX sl pc . Mãdamꝰ ut unꝰqisq ac
238 1166 817 1204 cipiat uxorẽ suã q ht recabedadã uel filiã suã qe adhuc
233 1187 811 1231 nõ fuit nupta ui eã ĩuenit sn pecto. Et filliũ qe pat suꝰ
236 1214 822 1257 ĩ domo sua tenet p suo malado accipiat eũ uiq pt ut n
236 1244 822 1281 frãgat sup eũ portas ul pcuciat aliq sine pecto. P stercore
233 1271 819 1317 ĩ ore misso LX sl uiq pc . Si qis pcussit cũ armis mulutis
238 1301 819 1343 de suo grado ⁊ p irã ĩ capto uille LX sl pc . Si foras XXX sl
236 1327 817 1371 pc . Feridas ꝯsiliadas istas sũt ⁊ nõ alias qi querit ami
240 1356 817 1401 cos ul parẽtes ul arma ul tochos cũ qibꝰ fadet ferire
236 1384 829 1431 ⁊ pcꝰserit p ua exqisã LX sl pc . P mbro absciso LX sl pectet.
235 1416 817 1461 P oms feridas d qibꝰ satisface debet ĩtt ĩ fustã scdm uetẽ
231 1443 817 1488 for Colimbie aut ꝯparet eas cui satisface debet. Sinal
235 1476 817 1523 d alcaid aut iudicis c testimonio teneat . Domꝰ alicꝰ nõ si
238 1505 813 1548 gellet ni ãtea uocet ad directũ . Si qis ab aliqo aliqid qsie
236 1531 824 1571 rit an iꝰticias respõdeat p directũ . Si qis dbitor alicui re
238 1566 827 1604 bellis extitit , ab illo qd suũ e habe nõ potuit ⁊ cõposuit
236 1591 829 1628 se cũ maiordomo tn maiordomꝰ n hat ni dcimã d qe txit
236 1618 827 1664 d habe rebellis, ni fuit d usura. S d usura accipiat quãtũ
236 1651 824 1711 pepigit cũ eo. Oms uo ĩtẽciones nri maiordomi sĩt p ĩqisi
831 98 1401 146 coem ul de illis rebꝰ un potuit habe exqisã directã . Qi sci
829 123 1391 176 uit uitatẽ ⁊ eã negauit ĩ exqisa ꝯponat qãtũ pdit fe
827 150 1388 201 cit illi ⁊ dno tre aliud tãtũ ⁊ ult ĩ testimonium non recipe
827 186 1390 226 at . Si aliqis uozariꝰ se cũ maiordomo ꝯposuerit causa inde aliquid
831 215 1371 253 habẽdi si pbatꝰ fuit q tal e p exqisã scdm quantitatem ca
831 241 1385 281 lũpnie quã obiecit , ĩ corpe puniat si nõ habuit qd
829 266 1408 313 pect . ⁊ nõ audiat ni piꝰ dederit fideiussorẽ ĩ manibꝰ d iꝰticiis .
827 296 1400 342 Phibemꝰ enĩ os hꝰmoi qi se faciũt uozarios falsos ⁊ nõ ha
829 316 1396 368 bẽt tortũ . p tales enĩ ois tra pdita e . Qmuis maiordo
827 358 1398 400 mꝰ ⁊ iꝰticie sĩt psentes ⁊ aliqis ĩ ꝯcilio ꝯqerratur d aliq ,
826 385 1398 423 maiordomꝰ nõ accipiat querimoniã illã p uoce, ni ille qi
831 412 1406 460 qrimoniã fecit dixit maiordomo do ti istã qerimoniam
837 442 1381 490 p uoce. Si qis in defensione sui agi aut uinee ul ora
841 470 1401 510 dãnatorẽ expoliauit quis dãnator sit pcusꝰ aut uulnera
832 497 1401 538 tꝰ tam dns uinee n pc . Qd si dãnator dom agi pcussit sa
831 527 1403 570 tisfaciat ei. ⁊ qcũq calũpnia fecit pc . Defendimꝰ ut null
831 557 1396 600 in uilla arma that , qd si txerit ⁊ nõ pcussit pdat ea.
831 582 1391 625 Si qis mẽsuras aut cubitos falsauit V sl pc . Si qis d
832 610 1408 658 domo alteriꝰ aut ext domũ rẽ p uĩ accepit ⁊ dns suꝰ uene
831 640 1408 684 rit cũ rancura ad alcaide ul ad iꝰticias ul ad maiordomũ
829 665 1411 704 ĩ duplo ꝯponat . Si qis uxorẽ suã iusto iudicio adultam
837 697 1398 742 fecit , res sue sĩt ĩ potestate dni tre . Defẽdimꝰ ut nullꝰ
834 724 1403 767 audeat taliar c uallo carreiras l tratas autorizatas
829 750 1406 795 d ꝯcilio nec mutet marcos. Qi uo hoc fecit sanet p for tre .
831 777 1408 824 Almotaze sit de ꝯcilio . Maiordomꝰ ⁊ seion ⁊ iusticie e portitor
834 807 1415 847 de alcaide sĩt cauti ĩ D sl . Qi fecit furtũ pc sic mos
836 834 1416 882 e tre ul ꝯpnet . Qicq uo latonẽ ul malefactorem inuenerit
832 867 1403 914 pndit eũ scdm suũ posse sn calũpnia suor parẽtũ ⁊ ho
842 895 1415 939 micidiũ . Si qis intuit ĩ uineã ul almoniã alicuiꝰ furtim,
836 924 1413 970 ĩ die causa comedẽdi ul cũ manu sua bestiã ĩ ferragi
826 952 1391 992 nẽ alicuiꝰ misit V sl pc . Si alqid de uinea l de almu
839 979 1398 1029 nia ĩ gmio ul ĩ taleiga ul ĩ cesta attulit ul ferraginem
837 1017 1401 1057 secauit I mr pc . Si ĩ nocte dephẽsꝰ fuerit furtiue
837 1037 1411 1097 ĩ uinea aut ĩ ferraginẽ l in almunia LX solidos pectet et qd
836 1074 1395 1111 uestit . Et de isto pecto dns laboris habeat medietatem.
834 1101 1393 1146 Si uo nõ habuit qd pc clauificat in porta per unum die
839 1134 1351 1166 deind fragellet . Si maurꝰ alicuiꝰ fuit solutꝰ e fecerit ca
832 1156 1410 1206 lũpniã dns eiꝰ respõdeat p eo scdm calũpniã quam fecerit
829 1184 1411 1231 l dimittat ĩ manu maiordomi. Maiordomꝰ n accipiat m
834 1217 1396 1262 aur alicuiꝰ qi fuit ĩ uĩculis ul maurã solutã p qcq
832 1246 1403 1281 calũpnia q . Et si dns tre ⁊ ꝯciliũ uidit qd talem
837 1272 1403 1317 causã fecit p q debet lapidari ul cemari , lapidet l cremetur.
837 1304 1371 1343 Si uo talẽ causã fecit p q debet flagellari et in corpore
837 1324 1415 1366 exterminari flagellet . Et postq flagellauĩt eum uel eam
837 1358 1415 1398 dno suo reddat . Qmcq fiadoriã qisq fecit si eam non
836 1386 1420 1431 ꝯpleuit scdm directũ eãdẽ pc . Et qui uenderit uinum in re
832 1416 1426 1466 lego LX sl pc ⁊ p qntas uices inuenerint uinum uendere per tantas
832 1443 1403 1489 uices pc LX sl . Et tota illa bestia qe uadit ad aream ul
842 1476 1426 1518 ad lagar p aluger faciat for de almoquer . Istas calũpnias
842 1506 1431 1551 mandamꝰ pctar ⁊ n alias. Et de iugada sic mãdamꝰ uel laborator
839 1536 1431 1581 det de iugo d bobꝰ VI qr , ⁊ tres sĩt qr d meliori autu
839 1563 1421 1601 no qe laborauit hoc e autunus triticum ordeum et centenum.
837 1586 1443 1629 Et de secũda s miliũ ⁊ panicũ det alios tres quartarios si laborauerit .
839 1621 1423 1664 Et quis laborator laboret cũ duobꝰ iugos uel III uel quattor ul
837 1648 1421 1708 cũ X ul cũ XX nõ det magis de VI quartarios quantum dabit
