<?xml version='1.0' encoding='utf-8'?>
<PcGts xmlns="http://schema.primaresearch.org/PAGE/gts/pagecontent/2019-07-15" xmlns:xsi="http://www.w3.org/2001/XMLSchema-instance" xsi:schemaLocation="http://schema.primaresearch.org/PAGE/gts/pagecontent/2019-07-15 http://schema.primaresearch.org/PAGE/gts/pagecontent/2019-07-15/pagecontent.xsd">
  <Metadata>
	<Creator>escriptorium</Creator>
	<Created>2024-07-01T17:49:26.258189+00:00</Created>
        <LastChange>2024-07-01T17:49:26.258269+00:00</LastChange>

  </Metadata>
  <Page imageFilename="1.jpg" imageWidth="1584" imageHeight="2166">

    
    <TextRegion id="eSc_textblock_5d306561" custom="structure {type:text;}">
      <Coords points="470,91 913,105 934,259 953,249 962,105 1443,110 1467,125 1476,1592 1462,1717 972,1717 953,1702 947,1582 932,1593 937,1669 903,1721 409,1697 394,1582 409,1405 385,1303 394,861 375,744 394,711 394,553 375,524 394,499 394,115 409,96 470,91" />
      
      
      <TextLine id="eSc_line_f4b5e77e">
        <Coords points="708,1353 706,1368 903,1371 906,1357 904,1323 708,1319 708,1353" />
        <Baseline points="709,1354 908,1358" />
        <TextEquiv>
          <Unicode>Carta de foro de</Unicode>
        </TextEquiv>
      </TextLine>

      
      
      <TextLine id="eSc_line_4dc82566" custom="structure {type:default;}">
        <Coords points="410,1369 410,1380 660,1380 660,1369 660,1352 410,1352 410,1369" />
        <Baseline points="410,1369 660,1369" />
        <TextEquiv>
          <Unicode>uilla de Stremoz</Unicode>
        </TextEquiv>
      </TextLine>

      
      
      <TextLine id="eSc_line_51f83e0f" custom="structure {type:default;}">
        <Coords points="416,1370 415,1399 414,1407 450,1417 451,1417 581,1410 604,1418 605,1418 606,1418 607,1418 635,1411 653,1418 654,1418 655,1418 722,1411 733,1418 734,1418 735,1418 736,1418 781,1413 826,1419 828,1419 914,1411 915,1405 914,1371 853,1379 823,1371 822,1371 820,1371 819,1371 801,1379 779,1369 776,1368 775,1368 663,1366 662,1366 660,1366 659,1366 659,1368 658,1368 651,1376 625,1377 605,1371 604,1371 603,1371 469,1376 433,1376 423,1370 416,1370" />
        <Baseline points="415,1399 740,1399 915,1405" />
        <TextEquiv>
          <Unicode>In Xpi nomie ⁊ eius gra . Notum sit omibꝰ psentibꝰ</Unicode>
        </TextEquiv>
      </TextLine>

      
      
      <TextLine id="eSc_line_73a52414" custom="structure {type:default;}">
        <Coords points="912,1405 911,1405 863,1411 794,1411 785,1404 784,1404 783,1404 782,1404 781,1404 755,1410 727,1404 724,1404 723,1404 722,1404 705,1410 692,1404 690,1404 689,1404 687,1404 659,1409 654,1404 653,1404 653,1403 652,1403 651,1403 649,1403 637,1404 603,1409 586,1404 581,1403 580,1403 578,1403 566,1404 534,1409 418,1405 418,1427 417,1435 457,1444 458,1444 510,1437 523,1444 524,1444 525,1444 527,1444 540,1437 606,1444 607,1444 609,1444 622,1437 682,1445 683,1445 921,1437 923,1429 921,1404 912,1404 912,1405" />
        <Baseline points="418,1427 923,1429" />
        <TextEquiv>
          <Unicode>et futuris, q ego Alfonsꝰ dei gra Rex Port</Unicode>
        </TextEquiv>
      </TextLine>

      
      
      <TextLine id="eSc_line_eed95210" custom="structure {type:default;}">
        <Coords points="411,1454 409,1471 915,1472 919,1456 915,1427 411,1429 411,1454" />
        <Baseline points="412,1455 921,1457" />
        <TextEquiv>
          <Unicode>et Comes Bolon , una cũ uxore ma Regina Dõ</Unicode>
        </TextEquiv>
      </TextLine>

      
      
      <TextLine id="eSc_line_38e5a712" custom="structure {type:default;}">
        <Coords points="411,1476 410,1489 530,1498 532,1498 553,1494 560,1493 564,1494 580,1501 581,1501 582,1501 610,1495 611,1495 612,1495 619,1502 621,1502 622,1502 914,1504 917,1488 917,1472 713,1460 411,1460 411,1476" />
        <Baseline points="411,1476 917,1488" />
        <TextEquiv>
          <Unicode>na Beatrice, Illustris Regis Castelle ⁊ Legion</Unicode>
        </TextEquiv>
      </TextLine>

      
      
      <TextLine id="eSc_line_f284e6dc" custom="structure {type:default;}">
        <Coords points="408,1507 406,1523 646,1523 707,1525 842,1533 843,1533 903,1527 905,1517 903,1499 408,1484 408,1507" />
        <Baseline points="408,1507 905,1517" />
        <TextEquiv>
          <Unicode>filia, do ⁊ ꝯcedo ubs omibus populatoribꝰ de</Unicode>
        </TextEquiv>
      </TextLine>

      
      
      <TextLine id="eSc_line_30ea4e51" custom="structure {type:default;}">
        <Coords points="397,1518 397,1537 396,1552 477,1551 486,1554 497,1559 498,1559 499,1560 547,1560 547,1559 548,1559 550,1559 557,1554 560,1552 566,1554 581,1560 582,1560 583,1560 657,1555 678,1561 680,1561 681,1561 776,1555 784,1555 785,1555 804,1563 805,1563 806,1563 902,1555 903,1545 903,1524 888,1518 887,1518 885,1518 836,1523 822,1524 813,1523 788,1517 787,1517 746,1522 734,1523 717,1522 648,1514 647,1514 611,1521 606,1521 600,1521 554,1513 553,1513 397,1517 397,1518" />
        <Baseline points="397,1537 903,1545" />
        <TextEquiv>
          <Unicode>Stremoz psentibꝰ ⁊ futuris p foro uro forum d</Unicode>
        </TextEquiv>
      </TextLine>

      
      
      <TextLine id="eSc_line_e1fb4f8a" custom="structure {type:default;}">
        <Coords points="398,1565 397,1582 509,1579 517,1584 518,1585 519,1585 521,1585 522,1585 545,1584 603,1582 606,1585 609,1587 609,1588 610,1588 611,1588 695,1590 696,1590 761,1587 779,1585 782,1587 794,1593 795,1593 869,1594 870,1594 908,1587 909,1576 907,1551 869,1557 863,1552 863,1551 861,1551 860,1551 859,1551 806,1555 757,1549 739,1547 737,1547 719,1548 683,1553 671,1548 665,1546 664,1546 663,1546 662,1546 654,1548 645,1552 584,1552 577,1548 569,1543 568,1543 566,1543 565,1543 564,1543 558,1547 554,1549 528,1547 454,1541 453,1541 398,1546 398,1565" />
        <Baseline points="398,1565 909,1576" />
        <TextEquiv>
          <Unicode>Starena , excepta iugada quã uobis ⁊ successo</Unicode>
        </TextEquiv>
      </TextLine>

      
      
      <TextLine id="eSc_line_526df36d" custom="structure {type:default;}">
        <Coords points="410,1593 409,1604 546,1617 547,1617 681,1612 728,1622 729,1622 764,1614 788,1623 789,1623 790,1623 792,1623 793,1623 801,1616 834,1622 835,1622 863,1617 876,1625 877,1625 878,1625 879,1625 881,1625 908,1617 909,1606 908,1585 790,1585 783,1582 773,1578 772,1578 771,1578 770,1578 769,1578 769,1579 765,1582 763,1584 749,1582 729,1578 728,1578 711,1581 699,1583 692,1581 677,1576 676,1576 675,1576 649,1579 637,1582 622,1579 597,1575 595,1575 528,1577 506,1578 504,1577 498,1571 497,1571 495,1571 454,1570 453,1570 410,1575 410,1593" />
        <Baseline points="410,1593 909,1606" />
        <TextEquiv>
          <Unicode>ribꝰ uris in ppetuũ quito, ⁊ reseruo mi ⁊ omibus</Unicode>
        </TextEquiv>
      </TextLine>

      
      
      <TextLine id="eSc_line_14ebcbcc" custom="structure {type:default;}">
        <Coords points="410,1622 409,1640 447,1635 457,1642 458,1643 459,1643 460,1643 462,1643 470,1642 501,1636 546,1643 564,1646 896,1647 899,1634 897,1613 410,1600 410,1622" />
        <Baseline points="410,1622 899,1634" />
        <TextEquiv>
          <Unicode>successoribꝰ mis mõtadigũ , ⁊ medietatẽ de</Unicode>
        </TextEquiv>
      </TextLine>

      
      
      <TextLine id="eSc_line_ede1e09f" custom="structure {type:default;}">
        <Coords points="410,1652 409,1665 452,1672 453,1672 518,1669 524,1669 527,1669 553,1676 554,1676 556,1676 582,1671 612,1679 613,1679 742,1683 743,1683 745,1683 770,1677 781,1684 782,1684 783,1684 784,1685 814,1685 814,1684 816,1684 817,1684 817,1683 824,1677 884,1685 885,1685 887,1685 911,1678 912,1665 911,1642 872,1647 804,1640 787,1638 785,1638 777,1640 751,1643 713,1638 695,1636 694,1636 684,1637 666,1641 635,1637 609,1634 410,1634 410,1652" />
        <Baseline points="410,1652 686,1664 912,1665" />
        <TextEquiv>
          <Unicode>omibꝰ molendinis, azeniis, pisonibꝰ ꝯstructos</Unicode>
        </TextEquiv>
      </TextLine>

      
      
      <TextLine id="eSc_line_25e4e49c" custom="structure {type:default;}">
        <Coords points="409,1711 460,1709 462,1709 463,1709 473,1702 509,1702 534,1715 535,1715 536,1715 538,1715 539,1715 551,1705 568,1712 569,1712 570,1712 595,1707 604,1714 604,1715 605,1715 606,1715 607,1715 609,1715 610,1715 621,1707 668,1707 702,1720 704,1720 705,1720 706,1720 707,1720 716,1714 727,1721 728,1721 729,1721 790,1724 792,1724 793,1724 794,1724 818,1713 830,1723 831,1723 832,1723 908,1726 911,1696 911,1679 470,1660 469,1660 462,1660 433,1665 411,1659 410,1681 409,1711" />
        <Baseline points="410,1681 646,1693 911,1696" />
        <TextEquiv>
          <Unicode>⁊ ꝯstruẽdis ĩ toto tmino de Stremoz. ⁊ resuo</Unicode>
        </TextEquiv>
      </TextLine>

      
      
      <TextLine id="eSc_line_824d07d2" custom="structure {type:default;}">
        <Coords points="1455,117 1445,111 1409,115 1380,110 1373,109 1370,109 1358,109 1346,109 1343,113 1275,113 1272,109 1271,108 1262,108 1250,108 1238,108 1226,108 1216,108 1209,110 1196,108 1190,107 1178,107 1166,107 1154,107 1142,107 1130,107 1118,107 1106,107 1094,107 1082,107 1070,105 1058,105 1045,105 1033,105 1021,105 1009,105 997,105 985,105 973,105 962,116 961,127 960,140 1020,150 1021,150 1088,145 1096,145 1097,145 1113,152 1114,152 1115,152 1148,148 1157,146 1175,149 1231,155 1232,155 1233,155 1245,151 1252,149 1260,151 1275,156 1277,156 1278,156 1296,152 1303,151 1311,152 1333,157 1334,157 1336,157 1342,154 1346,151 1352,155 1358,158 1360,158 1361,158 1362,158 1457,157 1458,139 1455,117 1455,117" />
        <Baseline points="961,127 1458,139" />
        <TextEquiv>
          <Unicode>mi meos regalengos de Aguia Loura ⁊ de Sousel</Unicode>
        </TextEquiv>
      </TextLine>

      
      
      <TextLine id="eSc_line_a8d42614" custom="structure {type:default;}">
        <Coords points="962,158 961,169 1071,181 1072,181 1116,175 1138,182 1139,182 1141,182 1203,179 1287,186 1289,186 1450,181 1451,169 1450,151 962,134 962,158" />
        <Baseline points="962,158 1451,169" />
        <TextEquiv>
          <Unicode>⁊ de Azougues ⁊ de Ameyxeal p ubi eos teneba</Unicode>
        </TextEquiv>
      </TextLine>

      
      
      <TextLine id="eSc_line_488a7a05" custom="structure {type:default;}">
        <Coords points="961,187 960,202 1291,214 1292,214 1455,210 1456,198 1456,176 961,169 961,187" />
        <Baseline points="961,187 1456,198" />
        <TextEquiv>
          <Unicode>nt fres pro ad se ⁊ reseruo mi uineam ⁊ alm</Unicode>
        </TextEquiv>
      </TextLine>

      
      
      <TextLine id="eSc_line_2774d1c4" custom="structure {type:default;}">
        <Coords points="960,216 959,228 982,235 983,235 984,235 1049,232 1059,232 1060,232 1066,238 1066,239 1067,239 1068,239 1070,239 1124,234 1133,234 1135,235 1139,239 1139,240 1141,240 1142,240 1143,240 1280,240 1435,240 1449,246 1452,227 1451,203 960,197 960,216" />
        <Baseline points="960,216 1452,227" />
        <TextEquiv>
          <Unicode>uyam ⁊ azougues ⁊ illas casas qs fres tene</Unicode>
        </TextEquiv>
      </TextLine>

      
      
      <TextLine id="eSc_line_ae550bd5" custom="structure {type:default;}">
        <Coords points="961,245 960,264 1043,262 1076,268 1089,270 1090,270 1091,270 1092,270 1095,268 1104,263 1137,269 1151,271 1153,271 1154,271 1161,269 1181,263 1227,263 1234,270 1237,273 1237,274 1238,274 1239,274 1240,275 1456,275 1457,256 1457,239 961,223 961,245" />
        <Baseline points="961,245 1457,256" />
        <TextEquiv>
          <Unicode>solebant pro ad se ⁊ ochauas si eas ibi fece</Unicode>
        </TextEquiv>
      </TextLine>

      
      
      <TextLine id="eSc_line_4f9cc43c" custom="structure {type:default;}">
        <Coords points="961,273 960,285 1045,296 1047,296 1141,292 1166,292 1179,294 1214,300 1454,304 1456,287 1456,265 961,256 961,273" />
        <Baseline points="961,273 1456,287" />
        <TextEquiv>
          <Unicode>rint. Et isti sunt tmini de Stremoz quos do</Unicode>
        </TextEquiv>
      </TextLine>

      
      
      <TextLine id="eSc_line_a326832a" custom="structure {type:default;}">
        <Coords points="959,300 958,317 1447,330 1450,315 1449,296 959,282 959,300" />
        <Baseline points="959,300 1450,315" />
        <TextEquiv>
          <Unicode>⁊ ꝯcedo eidem uille de Stremoz, uidelicet:</Unicode>
        </TextEquiv>
      </TextLine>

      
      
      <TextLine id="eSc_line_70e04de7" custom="structure {type:default;}">
        <Coords points="959,332 958,346 994,342 1043,350 1048,350 1049,350 1051,350 1077,344 1088,351 1089,351 1090,351 1091,351 1112,351 1256,347 1266,354 1267,354 1268,354 1269,354 1279,354 1342,350 1441,357 1444,341 1443,322 1310,312 1309,312 1277,317 1261,311 1260,311 1259,311 1162,316 1150,316 1149,316 1143,310 1143,309 1142,309 1141,309 1139,309 1103,315 1100,315 959,312 959,332" />
        <Baseline points="959,332 1444,341" />
        <TextEquiv>
          <Unicode>sicut intrat aq d Zafardela ĩ Terã , ⁊ eundo p</Unicode>
        </TextEquiv>
      </TextLine>

      
      
      <TextLine id="eSc_line_1fdc5624" custom="structure {type:default;}">
        <Coords points="960,358 959,371 965,376 966,376 967,376 968,376 1060,373 1067,373 1070,373 1096,379 1097,379 1118,375 1121,374 1125,375 1138,380 1139,380 1141,380 1200,377 1234,376 1454,386 1456,369 1456,350 1346,341 1345,341 1307,346 1299,346 1291,346 1236,339 960,339 960,358" />
        <Baseline points="960,358 1456,369" />
        <TextEquiv>
          <Unicode>ipam aquã us ad directũ d capitibꝰ de Zafarde</Unicode>
        </TextEquiv>
      </TextLine>

      
      
      <TextLine id="eSc_line_54599166" custom="structure {type:default;}">
        <Coords points="959,387 958,400 976,407 977,407 978,407 1078,403 1089,410 1090,410 1091,410 1092,410 1120,405 1156,411 1157,411 1159,411 1160,411 1169,405 1262,413 1263,413 1265,413 1278,407 1354,415 1355,415 1356,415 1380,409 1387,415 1387,416 1389,416 1390,416 1391,416 1444,409 1445,397 1444,374 959,363 959,387" />
        <Baseline points="959,387 1445,397" />
        <TextEquiv>
          <Unicode>la, ⁊ in ad ipa capita de Zafardela, ⁊ de ipis</Unicode>
        </TextEquiv>
      </TextLine>

      
      
      <TextLine id="eSc_line_37a45242" custom="structure {type:default;}">
        <Coords points="958,417 956,429 966,436 967,436 968,436 970,436 1048,430 1070,439 1071,439 1072,439 1118,433 1150,441 1151,441 1153,441 1202,435 1209,441 1209,442 1210,442 1212,442 1213,442 1266,436 1302,444 1303,444 1304,444 1305,444 1315,438 1372,447 1373,447 1463,440 1464,430 1464,411 958,398 958,417" />
        <Baseline points="958,417 1464,430" />
        <TextEquiv>
          <Unicode>capitibꝰ eũdo directe ad serram de Ossa derecte</Unicode>
        </TextEquiv>
      </TextLine>

      
      
      <TextLine id="eSc_line_67e58fc1" custom="structure {type:default;}">
        <Coords points="955,451 954,469 984,470 985,470 986,470 988,470 996,463 1024,471 1027,471 1029,471 1030,471 1044,471 1153,465 1277,475 1283,475 1284,475 1285,475 1308,468 1447,477 1450,459 1450,434 955,430 955,451" />
        <Baseline points="955,451 1450,459" />
        <TextEquiv>
          <Unicode>p cumẽ mag altum, ⁊ de ipa serra utentibꝰ aqis</Unicode>
        </TextEquiv>
      </TextLine>

      
      
      <TextLine id="eSc_line_1e2bde0a" custom="structure {type:default;}">
        <Coords points="958,480 956,492 1041,500 1042,500 1043,500 1064,495 1169,502 1171,504 1451,504 1452,488 1451,465 1414,469 1407,464 1404,462 1403,462 1402,462 1401,462 1386,464 1373,466 1346,464 1299,459 1298,459 1266,463 1240,466 1210,463 1169,458 1168,458 1167,458 1153,463 1147,464 1143,463 1131,457 1130,457 1129,457 958,460 958,480" />
        <Baseline points="958,480 1452,488" />
        <TextEquiv>
          <Unicode>ad Teram, et de ipa serra quomo descendit</Unicode>
        </TextEquiv>
      </TextLine>

      
      
      <TextLine id="eSc_line_514e9def" custom="structure {type:default;}">
        <Coords points="955,509 954,524 1445,530 1447,519 1447,501 1392,493 1391,493 1348,499 1342,499 1340,499 1332,492 1331,492 1330,492 1328,492 1327,492 1313,498 1311,498 1232,498 1230,496 1214,489 1213,489 1212,489 1210,489 1198,495 1197,495 1194,495 1153,489 1151,489 1091,493 1084,493 1083,493 1066,486 1065,486 1064,486 955,489 955,509" />
        <Baseline points="955,509 1447,519" />
        <TextEquiv>
          <Unicode>ad Semedeyrum de Elbora qui uadit p ad Iu</Unicode>
        </TextEquiv>
      </TextLine>

      
      
      <TextLine id="eSc_line_0c0b3cb7" custom="structure {type:default;}">
        <Coords points="955,535 954,543 976,551 977,551 978,551 1084,548 1109,548 1112,549 1119,554 1120,554 1121,554 1123,554 1151,551 1163,549 1171,552 1184,555 1185,555 1186,555 1209,553 1227,551 1238,554 1248,557 1249,557 1250,557 1251,557 1259,554 1267,552 1445,560 1447,546 1446,528 955,516 955,535" />
        <Baseline points="955,535 1447,546" />
        <TextEquiv>
          <Unicode>rumeniã , ⁊ quomo intrat ipm Semedeyrũ in</Unicode>
        </TextEquiv>
      </TextLine>

      
      
      <TextLine id="eSc_line_d9555c3a" custom="structure {type:default;}">
        <Coords points="958,564 956,576 973,584 974,584 976,584 1061,578 1067,578 1068,578 1077,586 1077,587 1078,587 1079,587 1080,587 1127,581 1136,580 1137,581 1142,587 1143,587 1143,588 1144,588 1145,588 1147,588 1175,582 1183,581 1189,583 1207,589 1208,589 1209,589 1283,586 1295,586 1304,587 1342,592 1343,592 1360,588 1380,584 1443,590 1445,573 1444,553 1308,553 1303,551 1290,546 1289,546 1287,546 1252,549 1242,551 1240,549 1236,546 1236,545 1234,545 1233,545 1232,545 1174,548 1155,549 1154,548 1149,545 1149,543 1148,543 1147,543 1079,541 1078,541 1044,547 1039,547 1037,547 1019,540 1018,540 1017,540 958,545 958,564" />
        <Baseline points="958,564 1445,573" />
        <TextEquiv>
          <Unicode>aquã de Udy de Aluiciuez ⁊ in ad capt de Ma</Unicode>
        </TextEquiv>
      </TextLine>

      
      
      <TextLine id="eSc_line_aeb86326" custom="structure {type:default;}">
        <Coords points="955,610 1026,607 1038,613 1039,613 1041,613 1042,613 1049,613 1092,608 1454,619 1456,602 1455,582 1210,581 1191,575 1186,573 1185,573 1184,573 1177,575 1151,578 1144,573 1143,572 1142,572 1141,572 1139,572 1127,572 1080,577 1074,572 1074,571 1073,571 1072,571 1071,571 1061,571 977,576 958,569 956,594 955,610" />
        <Baseline points="956,594 1456,602" />
        <TextEquiv>
          <Unicode>thos, ⁊ in quomo diuidit Stremoz cũ Iurume</Unicode>
        </TextEquiv>
      </TextLine>

      
      
      <TextLine id="eSc_line_424e630e" custom="structure {type:default;}">
        <Coords points="958,622 956,635 1280,638 1283,641 1295,646 1296,646 1297,646 1328,641 1332,641 1337,641 1391,648 1392,648 1443,642 1444,632 1443,613 1336,605 1334,605 1290,610 1283,610 1279,608 1261,604 1260,604 1259,604 1233,608 1227,608 1210,607 1119,600 1118,600 958,601 958,622" />
        <Baseline points="958,622 1444,632" />
        <TextEquiv>
          <Unicode>enia, ⁊ in quomo diuidit Borua cũ Iurume</Unicode>
        </TextEquiv>
      </TextLine>

      
      
      <TextLine id="eSc_line_c85b8847" custom="structure {type:default;}">
        <Coords points="959,649 958,660 1153,672 1154,672 1444,671 1445,661 1445,641 959,626 959,649" />
        <Baseline points="959,649 1445,661" />
        <TextEquiv>
          <Unicode>nia, ⁊ cũ Eluis, ⁊ in p ubi diuidit Stremoz</Unicode>
        </TextEquiv>
      </TextLine>

      
      
      <TextLine id="eSc_line_15d0bfbd" custom="structure {type:default;}">
        <Coords points="958,682 956,697 1248,696 1252,699 1263,703 1265,703 1266,703 1304,699 1314,697 1331,699 1416,705 1417,705 1451,697 1452,688 1451,663 1407,669 1362,663 1354,661 1352,661 1351,661 1348,663 1333,667 1279,663 1250,660 1249,660 1236,663 1218,666 1150,663 1056,658 1055,658 958,663 958,682" />
        <Baseline points="958,682 1452,688" />
        <TextEquiv>
          <Unicode>p matham de Alcarauiza cũ Eluis, aqis utentibꝰ</Unicode>
        </TextEquiv>
      </TextLine>

      
      
      <TextLine id="eSc_line_dc68cd56" custom="structure {type:default;}">
        <Coords points="950,711 949,726 1077,723 1120,729 1133,730 1135,730 1136,730 1139,729 1148,724 1162,729 1167,730 1168,730 1169,730 1463,729 1464,715 1464,695 994,687 993,687 950,691 950,711" />
        <Baseline points="950,711 1464,715" />
        <TextEquiv>
          <Unicode>ꝯtra Stremoz, ⁊ de ipa matha qomo uadit dircte</Unicode>
        </TextEquiv>
      </TextLine>

      
      
      <TextLine id="eSc_line_318b537b" custom="structure {type:default;}">
        <Coords points="1102,713 1101,713 959,717 959,736 958,748 1174,758 1175,758 1362,755 1401,761 1402,761 1462,755 1463,744 1462,726 1391,718 1390,718 1336,724 1327,724 1262,724 1260,723 1246,715 1245,715 1244,715 1202,722 1198,722 1195,722 1159,714 1157,714 1123,720 1119,720 1118,720 1103,713 1102,713" />
        <Baseline points="959,736 1463,744" />
        <TextEquiv>
          <Unicode>ad marcũ de sup Veyrꝰ p ubi diuidit Veyrꝰ cũ Str</Unicode>
        </TextEquiv>
      </TextLine>

      
      
      <TextLine id="eSc_line_e7c6acc5" custom="structure {type:default;}">
        <Coords points="959,765 958,777 967,783 968,783 970,783 971,783 972,783 973,783 983,777 1005,783 1006,783 1007,783 1054,777 1070,784 1071,784 1072,784 1179,779 1190,785 1191,785 1192,785 1194,785 1250,779 1269,786 1271,786 1356,788 1357,788 1446,780 1447,771 1446,753 959,741 959,765" />
        <Baseline points="959,765 1447,771" />
        <TextEquiv>
          <Unicode>emoz, ⁊ deinde directe p marcos qi fuert positi</Unicode>
        </TextEquiv>
      </TextLine>

      
      
      <TextLine id="eSc_line_58932f01" custom="structure {type:default;}">
        <Coords points="960,803 991,811 993,811 1030,806 1032,806 1033,806 1041,812 1042,812 1043,812 1044,812 1102,808 1118,807 1120,808 1126,813 1127,813 1129,813 1130,813 1219,811 1289,809 1452,817 1455,800 1454,773 1372,780 1155,770 1125,768 1124,768 1116,770 1076,776 1060,768 1059,768 1058,768 1055,768 1018,774 1009,768 1009,767 1008,767 1007,767 1006,767 1005,767 1001,767 974,774 964,767 961,792 960,803" />
        <Baseline points="961,792 1455,800" />
        <TextEquiv>
          <Unicode>inter me ⁊ fres d Auys eũdo directe ad serrã</Unicode>
        </TextEquiv>
      </TextLine>

      
      
      <TextLine id="eSc_line_60b0a007" custom="structure {type:default;}">
        <Coords points="960,836 967,841 968,841 970,841 971,841 1041,836 1125,843 1126,844 1451,844 1452,831 1451,811 1289,801 1287,801 1261,805 1242,807 1196,802 1165,800 1163,800 1162,800 1161,800 1160,801 1154,806 1054,806 1039,799 1037,797 1036,797 1035,797 1029,797 986,803 962,796 961,824 960,836" />
        <Baseline points="961,824 1452,831" />
        <TextEquiv>
          <Unicode>d Stremoz ubi sedet unꝰ marcꝰ , ⁊ dinde direc</Unicode>
        </TextEquiv>
      </TextLine>

      
      
      <TextLine id="eSc_line_122ee5f1" custom="structure {type:default;}">
        <Coords points="961,853 960,868 1062,865 1113,872 1131,874 1132,874 1133,874 1142,872 1159,868 1169,873 1177,876 1178,876 1179,876 1215,873 1268,870 1286,874 1299,878 1301,878 1302,878 1303,878 1310,874 1319,871 1336,871 1339,874 1342,878 1343,878 1343,879 1344,879 1345,879 1346,879 1348,879 1358,876 1368,872 1378,876 1393,880 1395,880 1396,880 1397,880 1398,880 1404,876 1407,874 1446,876 1449,863 1449,843 1443,837 1443,836 1441,836 1440,836 1439,836 1379,841 1340,833 1339,833 1301,839 1286,832 1285,832 1284,832 1234,838 1233,838 1231,838 1177,830 1175,830 1136,836 1133,836 1097,835 1072,835 1068,829 1067,829 1067,827 1066,827 1065,827 1064,827 961,831 961,853" />
        <Baseline points="961,853 1449,863" />
        <TextEquiv>
          <Unicode>te ad alium marcũ qi sedet ĩ Almadafe, ⁊ d ipo</Unicode>
        </TextEquiv>
      </TextLine>

      
      
      <TextLine id="eSc_line_1f712fed" custom="structure {type:default;}">
        <Coords points="961,883 960,892 1038,901 1039,901 1129,898 1161,897 1163,898 1168,903 1169,903 1171,903 1172,903 1207,901 1231,898 1236,901 1240,904 1242,904 1243,904 1244,904 1271,902 1299,900 1450,907 1452,891 1452,866 1405,866 1404,866 1403,866 1402,866 1396,872 1384,865 1382,865 1381,865 961,865 961,883" />
        <Baseline points="961,883 1452,891" />
        <TextEquiv>
          <Unicode>marco qomo uadit directe ad marcũ qi sedet ĩ Te</Unicode>
        </TextEquiv>
      </TextLine>

      
      
      <TextLine id="eSc_line_919a95ef" custom="structure {type:default;}">
        <Coords points="961,912 960,922 1011,930 1012,930 1054,925 1059,925 1060,925 1066,931 1067,931 1068,931 1070,931 1138,927 1160,926 1165,927 1175,932 1177,932 1178,932 1207,928 1219,927 1460,933 1462,918 1462,898 1325,891 1324,891 1289,896 1284,896 1281,896 1263,890 1262,890 1261,890 961,891 961,912" />
        <Baseline points="961,912 1462,918" />
        <TextEquiv>
          <Unicode>ram sub ubi intrat aqua d Zafardela ubi piꝰ ince</Unicode>
        </TextEquiv>
      </TextLine>

      
      
      <TextLine id="eSc_line_10355f4e" custom="structure {type:default;}">
        <Coords points="960,941 959,955 1167,955 1445,965 1447,949 1446,930 1391,930 1389,927 1380,921 1379,921 1378,921 1376,921 1295,924 1239,926 1227,922 1219,919 1218,919 1216,919 1201,921 1180,925 1174,920 1171,918 1169,918 1168,918 1167,918 1166,918 1157,920 1142,924 1104,918 1090,916 1089,916 1088,916 1085,918 1074,922 1042,916 1041,916 1039,916 1038,916 1006,921 960,914 960,941" />
        <Baseline points="960,941 1447,949" />
        <TextEquiv>
          <Unicode>pi diuisiones istor tminor . Et forũ d Starena</Unicode>
        </TextEquiv>
      </TextLine>

      
      
      <TextLine id="eSc_line_de06216b" custom="structure {type:default;}">
        <Coords points="962,968 961,980 1446,992 1449,977 1449,957 962,949 962,968" />
        <Baseline points="962,968 1449,977" />
        <TextEquiv>
          <Unicode>qd ubs poplatoribꝰ d Stremoz do ⁊ ꝯcedo tale</Unicode>
        </TextEquiv>
      </TextLine>

      
      
      <TextLine id="eSc_line_5070ef99" custom="structure {type:default;}">
        <Coords points="961,1013 1121,1013 1123,1013 1127,1018 1127,1019 1129,1019 1130,1019 1131,1019 1157,1013 1162,1013 1167,1013 1206,1020 1207,1020 1292,1014 1297,1014 1298,1014 1326,1021 1327,1021 1328,1021 1447,1014 1449,1003 1447,984 1045,974 1044,974 1035,974 976,979 964,973 962,998 961,1013" />
        <Baseline points="962,998 1449,1003" />
        <TextEquiv>
          <Unicode>est: In pimo do ubs itaq p foro ut qui publice co</Unicode>
        </TextEquiv>
      </TextLine>

      
      
      <TextLine id="eSc_line_b418bf7e" custom="structure {type:default;}">
        <Coords points="960,1028 959,1044 1031,1040 1068,1046 1074,1046 1076,1046 1084,1046 1135,1042 1153,1046 1162,1049 1163,1049 1165,1049 1186,1046 1215,1043 1236,1046 1256,1050 1257,1050 1452,1046 1454,1034 1452,1016 1327,1009 1326,1009 1325,1009 1313,1014 1307,1008 1307,1007 1305,1007 1304,1007 1257,1005 1256,1005 1255,1005 1239,1014 1215,1014 1180,1014 1180,1013 1159,1004 1157,1004 1156,1004 1155,1004 1136,1010 1088,1004 1086,1004 1085,1004 1064,1012 1059,1004 1058,1004 1058,1003 1056,1003 1055,1003 1054,1003 1015,1010 970,1003 968,1003 967,1003 966,1003 960,1007 960,1028" />
        <Baseline points="960,1028 1454,1034" />
        <TextEquiv>
          <Unicode>rã bonis homibꝰ casam uiolent cũ armis rupit ,</Unicode>
        </TextEquiv>
      </TextLine>

      
      
      <TextLine id="eSc_line_2282aed6" custom="structure {type:default;}">
        <Coords points="961,1058 960,1073 991,1079 993,1079 994,1079 995,1079 1001,1074 1003,1072 1032,1072 1041,1074 1060,1080 1061,1080 1062,1080 1064,1080 1065,1080 1071,1074 1072,1074 1079,1080 1080,1080 1082,1080 1083,1080 1167,1074 1178,1074 1179,1074 1186,1081 1188,1081 1189,1081 1190,1081 1219,1075 1222,1074 1222,1075 1231,1081 1232,1081 1233,1081 1271,1083 1272,1083 1343,1075 1348,1075 1349,1075 1366,1084 1367,1084 1368,1084 1445,1075 1446,1064 1445,1045 961,1038 961,1058" />
        <Baseline points="961,1058 1446,1064" />
        <TextEquiv>
          <Unicode>pectet D sl , ⁊ hoc sit sine uozeyro. Et si ĩfra</Unicode>
        </TextEquiv>
      </TextLine>

      
      
      <TextLine id="eSc_line_fec89b3b" custom="structure {type:default;}">
        <Coords points="956,1107 1115,1104 1124,1108 1129,1111 1130,1111 1131,1111 1132,1113 1179,1113 1179,1111 1180,1111 1192,1108 1206,1105 1231,1108 1265,1113 1266,1113 1267,1113 1275,1108 1279,1107 1302,1108 1372,1115 1373,1115 1454,1108 1455,1096 1455,1073 1065,1073 1047,1067 1037,1063 1036,1063 1035,1063 1009,1066 967,1070 960,1064 958,1089 956,1107" />
        <Baseline points="958,1089 1455,1096" />
        <TextEquiv>
          <Unicode>domũ ruptor occisꝰ fuit , occisor ul dns domꝰ pct</Unicode>
        </TextEquiv>
      </TextLine>

      
      
      <TextLine id="eSc_line_c285f93f" custom="structure {type:default;}">
        <Coords points="960,1120 959,1131 985,1132 993,1139 993,1140 994,1140 995,1140 996,1140 997,1140 1015,1134 1067,1141 1068,1141 1108,1135 1120,1134 1123,1137 1129,1141 1129,1143 1130,1143 1131,1143 1132,1143 1133,1143 1151,1137 1156,1135 1162,1138 1175,1143 1177,1143 1220,1144 1221,1144 1222,1144 1224,1144 1231,1139 1236,1137 1255,1140 1275,1144 1277,1144 1278,1144 1286,1141 1299,1137 1330,1143 1345,1145 1346,1145 1370,1144 1439,1139 1466,1146 1469,1127 1468,1102 1385,1108 1321,1102 1299,1099 1298,1099 1286,1102 1263,1105 1250,1102 1244,1099 1243,1099 1242,1099 1200,1102 1137,1104 1133,1102 1130,1098 1130,1097 1129,1097 1127,1097 1126,1097 960,1101 960,1120" />
        <Baseline points="960,1120 1469,1127" />
        <TextEquiv>
          <Unicode>et I mr , ⁊ si ibi uulnatꝰ fuit , pectet p eo mediũ</Unicode>
        </TextEquiv>
      </TextLine>

      
      
      <TextLine id="eSc_line_3f1f1b20" custom="structure {type:default;}">
        <Coords points="961,1149 960,1158 1014,1167 1015,1167 1070,1163 1083,1172 1084,1172 1085,1172 1086,1172 1088,1172 1120,1163 1132,1170 1133,1170 1135,1170 1136,1170 1252,1166 1271,1175 1272,1175 1273,1175 1334,1168 1354,1176 1355,1176 1443,1178 1444,1178 1445,1178 1446,1178 1458,1168 1460,1158 1458,1140 1397,1133 1396,1133 1352,1138 1346,1138 1345,1138 1334,1132 1333,1132 1332,1132 1281,1137 1273,1137 1268,1135 1248,1131 1246,1131 961,1131 961,1149" />
        <Baseline points="961,1149 1460,1158" />
        <TextEquiv>
          <Unicode>mr . Simlr p homicidio ⁊ rouso publice fto pec</Unicode>
        </TextEquiv>
      </TextLine>

      
      
      <TextLine id="eSc_line_0af8c3a4" custom="structure {type:default;}">
        <Coords points="961,1180 960,1196 1018,1192 1024,1198 1026,1199 1026,1200 1027,1200 1029,1200 1030,1200 1067,1199 1148,1194 1208,1194 1215,1200 1220,1204 1221,1204 1222,1204 1224,1204 1458,1203 1460,1190 1458,1172 1413,1172 1410,1170 1402,1163 1401,1163 1399,1163 1398,1163 1348,1168 1334,1169 1311,1168 1227,1160 1226,1160 1189,1164 1178,1166 1172,1164 1149,1157 1148,1157 1147,1157 1145,1157 1144,1157 1138,1163 1116,1157 1115,1157 1114,1157 1113,1157 1112,1157 1112,1158 1107,1162 1104,1164 1094,1162 1073,1158 1072,1158 1071,1158 1070,1158 1065,1162 1064,1163 1061,1162 1054,1156 1053,1156 1051,1156 1050,1156 961,1158 961,1180" />
        <Baseline points="961,1180 1460,1190" />
        <TextEquiv>
          <Unicode>tet D sl , p merda ĩ buca LX sl pectet testimo</Unicode>
        </TextEquiv>
      </TextLine>

      
      
      <TextLine id="eSc_line_3024f5d7" custom="structure {type:default;}">
        <Coords points="962,1208 961,1222 1050,1229 1051,1229 1092,1224 1102,1223 1104,1224 1110,1231 1112,1231 1113,1231 1180,1232 1181,1232 1297,1228 1317,1234 1319,1234 1320,1234 1461,1228 1462,1216 1462,1194 962,1191 962,1208" />
        <Baseline points="962,1208 1462,1216" />
        <TextEquiv>
          <Unicode>nio bonor hoim , furtũ cognitum testimoio bo</Unicode>
        </TextEquiv>
      </TextLine>

      
      
      <TextLine id="eSc_line_6d783e13" custom="structure {type:default;}">
        <Coords points="961,1235 960,1247 976,1255 977,1255 978,1255 1091,1251 1120,1257 1121,1257 1123,1257 1124,1257 1131,1251 1172,1258 1173,1258 1454,1255 1455,1244 1454,1227 961,1218 961,1235" />
        <Baseline points="961,1235 1455,1244" />
        <TextEquiv>
          <Unicode>nor hominũ nouies ꝯponatr . Qi relegum ui</Unicode>
        </TextEquiv>
      </TextLine>

      
      
      <TextLine id="eSc_line_8c4c2d62" custom="structure {type:default;}">
        <Coords points="961,1265 960,1277 985,1285 986,1285 988,1285 1024,1280 1025,1280 1029,1285 1030,1285 1030,1286 1031,1286 1032,1286 1033,1286 1118,1282 1159,1281 1165,1283 1173,1288 1174,1288 1175,1288 1271,1287 1385,1285 1396,1291 1398,1292 1399,1292 1401,1292 1402,1292 1411,1291 1443,1286 1455,1292 1458,1274 1458,1255 961,1246 961,1265" />
        <Baseline points="961,1265 1458,1274" />
        <TextEquiv>
          <Unicode>ni Regis rupit ⁊ ĩ relego suũ uinũ uendidit te</Unicode>
        </TextEquiv>
      </TextLine>

      
      
      <TextLine id="eSc_line_86520f6e" custom="structure {type:default;}">
        <Coords points="964,1297 962,1312 1467,1311 1468,1300 1468,1282 1292,1275 1291,1275 1234,1277 1171,1280 1144,1275 1132,1274 1131,1274 1098,1275 995,1279 964,1273 964,1297" />
        <Baseline points="964,1297 1468,1300" />
        <TextEquiv>
          <Unicode>stimoio bonor hoim si inuentũ fuit pimo pctet</Unicode>
        </TextEquiv>
      </TextLine>

      
      
      <TextLine id="eSc_line_641576e1" custom="structure {type:default;}">
        <Coords points="965,1321 964,1332 1006,1340 1007,1340 1116,1336 1123,1341 1123,1342 1124,1342 1125,1342 1126,1342 1175,1336 1183,1342 1183,1344 1184,1344 1185,1344 1186,1344 1249,1338 1286,1345 1287,1345 1330,1340 1421,1347 1422,1347 1464,1340 1466,1329 1464,1311 965,1304 965,1321" />
        <Baseline points="965,1321 1466,1329" />
        <TextEquiv>
          <Unicode>V sl ⁊ scdo V sl ⁊ si tcio iterũ inuentũ fuit</Unicode>
        </TextEquiv>
      </TextLine>

      
      
      <TextLine id="eSc_line_9e5189f2" custom="structure {type:default;}">
        <Coords points="965,1348 964,1365 1451,1373 1454,1356 1452,1334 965,1332 965,1348" />
        <Baseline points="965,1348 1454,1356" />
        <TextEquiv>
          <Unicode>testimoio bonor hoim , uinũ totũ effundatr</Unicode>
        </TextEquiv>
      </TextLine>

      
      
      <TextLine id="eSc_line_cb976714" custom="structure {type:default;}">
        <Coords points="961,1375 960,1388 984,1397 985,1397 986,1397 1015,1391 1033,1398 1035,1398 1036,1399 1089,1399 1089,1398 1090,1398 1091,1398 1101,1392 1103,1391 1119,1393 1174,1400 1175,1400 1238,1397 1257,1395 1265,1397 1280,1401 1281,1401 1283,1401 1284,1401 1297,1398 1315,1394 1456,1403 1458,1383 1457,1366 961,1358 961,1375" />
        <Baseline points="961,1375 1458,1383" />
        <TextEquiv>
          <Unicode>⁊ arcꝰ cupar incidantr . De uino de fora dent</Unicode>
        </TextEquiv>
      </TextLine>

      
      
      <TextLine id="eSc_line_d0865669" custom="structure {type:default;}">
        <Coords points="962,1422 1456,1428 1458,1410 1457,1393 1349,1386 1348,1386 1301,1388 1269,1391 1265,1388 1261,1385 1260,1385 1259,1385 1257,1385 1215,1387 1162,1389 1141,1385 1132,1383 1131,1383 1115,1385 1064,1388 1051,1382 1050,1382 1049,1382 1048,1382 1039,1382 986,1387 965,1381 964,1404 962,1422" />
        <Baseline points="964,1404 1458,1410" />
        <TextEquiv>
          <Unicode>de unaqq carrega I alm ⁊ uendat aliud in</Unicode>
        </TextEquiv>
      </TextLine>

      
      
      <TextLine id="eSc_line_eb8f8b37" custom="structure {type:default;}">
        <Coords points="966,1433 965,1444 982,1451 983,1451 984,1451 1166,1447 1249,1456 1250,1456 1305,1451 1372,1457 1373,1457 1374,1457 1390,1451 1409,1458 1410,1458 1411,1458 1461,1451 1462,1441 1461,1421 1299,1413 1298,1413 1297,1413 1283,1418 1277,1419 1180,1419 1174,1417 1157,1411 1156,1411 1155,1411 1119,1416 1110,1417 1108,1416 1101,1410 1100,1410 1098,1410 1097,1410 1096,1410 1074,1416 1071,1416 1061,1416 996,1409 995,1409 966,1413 966,1433" />
        <Baseline points="966,1433 1462,1441" />
        <TextEquiv>
          <Unicode>relegum. Et habitatores d Stremoz habeant</Unicode>
        </TextEquiv>
      </TextLine>

      
      
      <TextLine id="eSc_line_fca68393" custom="structure {type:default;}">
        <Coords points="966,1458 965,1471 1084,1474 1098,1481 1100,1481 1101,1481 1141,1475 1149,1482 1150,1482 1151,1482 1153,1482 1184,1476 1210,1483 1212,1483 1213,1483 1214,1483 1242,1476 1243,1476 1272,1484 1273,1484 1274,1484 1319,1477 1321,1477 1322,1477 1376,1486 1378,1486 1456,1478 1457,1468 1456,1448 966,1437 966,1458" />
        <Baseline points="966,1458 1457,1468" />
        <TextEquiv>
          <Unicode>libere tendas, fornos panis scili ⁊ ollar et</Unicode>
        </TextEquiv>
      </TextLine>

      
      
      <TextLine id="eSc_line_c50110f2" custom="structure {type:default;}">
        <Coords points="964,1501 986,1510 988,1510 989,1510 1051,1504 1139,1511 1141,1511 1142,1511 1160,1505 1181,1512 1183,1512 1257,1513 1259,1513 1452,1507 1454,1496 1451,1471 1378,1477 1324,1469 1320,1469 1319,1469 1317,1469 1316,1469 1303,1477 1260,1477 1246,1468 1245,1468 1244,1468 1243,1468 1242,1468 1240,1468 1225,1476 1178,1476 1147,1466 1145,1466 1144,1466 1143,1466 1141,1466 1103,1474 1086,1466 1085,1466 1084,1466 1035,1472 1011,1465 1009,1465 1008,1465 1007,1465 984,1472 966,1464 965,1490 964,1501" />
        <Baseline points="965,1490 1454,1496" />
        <TextEquiv>
          <Unicode>de fornos de tegula dent decimã . Qi extra ca</Unicode>
        </TextEquiv>
      </TextLine>

      
      
      <TextLine id="eSc_line_2910949d" custom="structure {type:default;}">
        <Coords points="964,1518 962,1530 1007,1540 1008,1540 1094,1534 1100,1541 1101,1541 1101,1542 1102,1542 1103,1542 1104,1542 1283,1537 1310,1546 1311,1546 1313,1546 1363,1539 1380,1547 1381,1547 1382,1548 1416,1548 1416,1547 1450,1539 1451,1527 1450,1501 1368,1500 1367,1500 1366,1500 1364,1500 1364,1501 1360,1505 1354,1501 1354,1500 1352,1500 1351,1500 1350,1500 1349,1500 1348,1500 1348,1501 1340,1508 1313,1508 1293,1501 1289,1499 1287,1499 1286,1499 1274,1501 1242,1506 1210,1501 1197,1499 1196,1499 1195,1499 1194,1499 1194,1500 1192,1501 1189,1505 1181,1501 1173,1496 1172,1496 1171,1496 1151,1501 1137,1504 1114,1501 1074,1495 1073,1495 1072,1495 1059,1501 1054,1502 1050,1501 1039,1495 1038,1495 1037,1495 1036,1495 1025,1501 1023,1501 964,1501 964,1518" />
        <Baseline points="964,1518 1451,1527" />
        <TextEquiv>
          <Unicode>utum hoiem occiderit pectet LX sl , et qi uul</Unicode>
        </TextEquiv>
      </TextLine>

      
      
      <TextLine id="eSc_line_36d7619f" custom="structure {type:default;}">
        <Coords points="966,1545 964,1557 1450,1568 1453,1555 1453,1530 966,1521 966,1545" />
        <Baseline points="967,1546 1454,1557" />
        <TextEquiv>
          <Unicode>nauit hoiem extra cautum pectet XXX sl .</Unicode>
        </TextEquiv>
      </TextLine>

      
      
      <TextLine id="eSc_line_34cbe447" custom="structure {type:default;}">
        <Coords points="966,1577 965,1587 1037,1596 1038,1596 1079,1590 1131,1598 1132,1598 1231,1593 1255,1600 1256,1600 1257,1600 1259,1600 1274,1594 1279,1599 1279,1600 1280,1600 1281,1600 1392,1602 1393,1602 1463,1595 1464,1585 1464,1567 1368,1566 1364,1564 1358,1559 1357,1559 1356,1559 1355,1559 1317,1563 1298,1564 1295,1561 1291,1558 1290,1558 1289,1558 1287,1558 1272,1560 1255,1564 1218,1559 1196,1557 1195,1557 1163,1558 1086,1560 1042,1554 1035,1553 1033,1553 1032,1553 1030,1553 1009,1559 966,1552 966,1577" />
        <Baseline points="966,1577 1464,1585" />
        <TextEquiv>
          <Unicode>Qi ĩ platea aliquẽ armis uulnauit pectet</Unicode>
        </TextEquiv>
      </TextLine>

      
      
      <TextLine id="eSc_line_0614f1f0" custom="structure {type:default;}">
        <Coords points="967,1606 966,1616 995,1624 996,1624 997,1624 1035,1618 1050,1628 1051,1628 1053,1628 1054,1629 1089,1629 1089,1628 1090,1628 1106,1619 1244,1631 1245,1631 1246,1631 1279,1623 1316,1632 1317,1632 1319,1632 1452,1624 1454,1614 1451,1589 1387,1595 1373,1588 1372,1588 1370,1588 1369,1588 1362,1588 1314,1594 1261,1594 1250,1588 1245,1585 1244,1585 1243,1585 967,1587 967,1606" />
        <Baseline points="967,1606 1454,1614" />
        <TextEquiv>
          <Unicode>medietatẽ homicidii. Qi arma p iram de</Unicode>
        </TextEquiv>
      </TextLine>

      
      
      <TextLine id="eSc_line_5eb6185a" custom="structure {type:default;}">
        <Coords points="966,1635 965,1644 989,1654 990,1654 991,1654 1074,1648 1104,1656 1106,1656 1107,1656 1148,1650 1194,1656 1195,1656 1233,1650 1244,1659 1245,1659 1246,1659 1248,1659 1313,1653 1321,1660 1322,1660 1324,1660 1325,1660 1455,1653 1456,1643 1456,1618 1369,1617 1368,1617 1367,1617 1366,1617 1338,1624 1313,1617 1308,1616 1307,1616 1305,1616 1295,1617 1249,1623 1151,1616 1139,1616 1138,1616 1135,1616 1113,1620 1104,1616 1103,1614 1102,1614 1101,1614 1100,1614 1086,1616 1058,1619 1048,1616 1037,1611 1036,1611 1035,1611 966,1614 966,1635" />
        <Baseline points="966,1635 1456,1643" />
        <TextEquiv>
          <Unicode>nudauit ul a domo ea extraxit p irã ⁊ nõ</Unicode>
        </TextEquiv>
      </TextLine>

      
      
      <TextLine id="eSc_line_92de6351" custom="structure {type:default;}">
        <Coords points="966,1669 965,1683 1041,1681 1132,1688 1161,1689 1162,1689 1163,1689 1167,1688 1180,1683 1190,1688 1192,1689 1194,1689 1195,1689 1196,1689 1198,1688 1214,1683 1232,1689 1238,1690 1239,1690 1240,1690 1242,1690 1244,1689 1252,1684 1256,1689 1257,1689 1257,1690 1259,1690 1260,1690 1261,1690 1273,1689 1308,1685 1313,1690 1314,1690 1314,1691 1315,1691 1316,1691 1317,1693 1461,1693 1462,1676 1462,1653 966,1644 966,1669" />
        <Baseline points="966,1669 1462,1676" />
        <TextEquiv>
          <Unicode>pcusserit pectet LX sl . Et homies d Stremoz</Unicode>
        </TextEquiv>
      </TextLine>

      
      
      <TextLine id="eSc_line_988381e8" custom="structure {type:default;}">
        <Coords points="968,1697 967,1719 1035,1718 1043,1723 1050,1727 1051,1727 1053,1727 1098,1729 1100,1729 1101,1729 1102,1729 1109,1724 1119,1718 1130,1725 1132,1726 1133,1726 1135,1726 1136,1726 1137,1726 1138,1726 1139,1725 1149,1718 1210,1718 1227,1727 1231,1729 1232,1729 1315,1731 1316,1731 1317,1731 1322,1729 1344,1720 1374,1730 1380,1732 1381,1732 1382,1732 1393,1731 1438,1724 1456,1732 1460,1703 1458,1684 968,1676 968,1697" />
        <Baseline points="968,1697 1460,1703" />
        <TextEquiv>
          <Unicode>habeãt heditates suas populatas ⁊ illi qi ĩ eis</Unicode>
        </TextEquiv>
      </TextLine>

      
    </TextRegion>
    
    </Page>
</PcGts>