1524 2166
104 120 579 179 habitauerint pectent p homicidio ⁊ rauso noto et
104 158 580 208 mda ĩ buca LX sl , medietatẽ scil regi ⁊ medi
104 191 580 231 etatẽ dno heditatis , ⁊ eant ĩ apellitũ regis et
104 215 571 263 nullum aliud forum faciant regi. Et almotaza
104 250 571 294 ria sit de concilio, ⁊ mittatr almotace p alcayde
105 282 571 323 ⁊ p concilium uille, ⁊ dent de foro de uaca I
97 303 575 350 d et de zeuro I d ⁊ de cuo I d ⁊ de bestia de pi
102 330 570 379 scato I d ⁊ de barco d piscato I d . Et de iudica
103 359 565 405 to simlr . Et de alcauala III d de cuo ⁊ d ze
103 391 579 435 uro ⁊ de uaca ⁊ de porco I d ⁊ de carneyro I d .
101 418 577 464 Piscatores dent decimã . De eqo ul de mulo ul d
104 446 577 490 mula quẽ uendidint ul emerĩt homies de fo
102 477 582 524 ra a decem mr ⁊ sup dent unũ mr , ⁊ a decẽ mr
101 507 580 554 ⁊ infra dent mediũ mr . De eq uendita ul ꝯpa
99 536 574 582 ta dent duos sl . De boue duos sl ⁊ d uaca
102 566 570 616 I sl ⁊ de asino ⁊ de asina I sl ⁊ de mauro ⁊
99 595 585 638 de maura mediũ mr de porco ul de carnario
102 623 585 672 II d de capne ul de cap I d . De carrega de aze
102 657 582 700 yte ul de coriis boum ul zeuror ul ceruot de
104 682 580 722 nt mediũ mr , de carrega de cera mediũ mr .
103 709 568 756 De carrega de anyl ul de pãnis ul de pellibꝰ
102 742 564 780 conelior ul de coriis umeliis ul albis ul de
105 768 565 806 pipere ul de grana unũ mr . De bragali II
101 796 560 839 d , de uestitu de pellibꝰ III d , de lino ul de
103 821 577 870 alliis ul cepis decimã , de piscato de fora deci
103 850 573 898 mã . De concas ul de uasis lineis decimã ⁊ p
103 880 577 928 omibꝰ hiis carregis quas uendidint homines de fo
103 912 577 957 ra ⁊ portagiũ dederint, si alias ppias emerint
102 941 568 985 non dent portagiũ ex eis. De carrega panis l
102 971 568 1013 salis quã uendidint ul emerĩt homies de fo
101 999 569 1042 ra, de bestia caualari ul mulari dent III d , d
101 1027 571 1074 asinari III medalias. Mercatores natrales uille
99 1058 571 1107 qi soldadam dare uoluint recipiatr ab eis, si at
101 1089 580 1135 soldadam dare noluint dent portagiũ . De car
102 1117 573 1166 rega de piscato quam inde leuauint hoies de
101 1146 573 1194 fora dent sex denarios. Balestarii habeant
101 1178 571 1223 forum militũ , mulier militis que uiduauit
102 1206 576 1247 habeat honorẽ militis us nubat. Et si nubse
103 1237 583 1281 rit pediti, faciat forum peditis. Miles qi senue
102 1265 564 1305 rit ul qui ita debilitauit q excitũ face non
108 1298 579 1338 possit, stet ĩ honore suo. Si aut mulier mili
103 1321 563 1362 tis uiduata talẽ filiũ habuit qi cũ ea ĩ domo
97 1348 565 1391 ꝯtineatr ⁊ caualariã facere potuit faciat eã
99 1373 581 1421 p iurẽ . Almocreue qui p Almocreueriã uuixit
104 1401 581 1450 faciat forũ suũ semel in anno. Miles uo qi eqũ
103 1430 579 1477 suũ aut bestias suas ad almocreueriã miserit
107 1460 573 1504 nullũ forum de almocrauaria faciat. Coneli
102 1486 585 1533 arius qui fuerit ad sugeycã ⁊ illuc mansit det
101 1516 565 1561 follem uiuꝰ conelii, ⁊ qi ibi moratꝰ fuit octo
99 1545 560 1585 diebꝰ ul ampliꝰ det coneliũ unũ cũ pelle sua.
98 1573 588 1619 Et coneliariꝰ de fora det decimã qociens uenerit.
102 1604 575 1643 Moratores de Stremoz qi panẽ suũ ul uinũ
102 1631 568 1671 ul ficꝰ ul oleũ in Vlixbona habuerit ul in
99 1661 576 1703 aliis locis ⁊ ad Stremoz illud ad opꝰ sui dux
103 1689 573 1744 int ⁊ non ad reuẽdend nõ dent in portagiũ .
613 121 1174 168 Qi cũ aliquo rixauerit ⁊ pꝯ rixam domũ suã intrauit
621 157 1130 197 ⁊ ibi mito consilio accepit fustem ul porrinã ⁊
622 182 1126 223 eũ pcusserit pectet XXX sl . Si aut inꝯsulte ⁊
622 210 1130 257 casu accidente pcusserit , nichl pectet. Ĩimicꝰ de
623 241 1129 288 fora non intret ĩ uillã sup inimicũ suũ ni p treu
625 274 1130 317 gas, aut p directo illi dare. Si equus alicuiꝰ ali
623 300 1120 344 quẽ occiderit dns eqi pectet aut equm aut ho
623 327 1130 370 micidiũ quod hor dno eqi placauit . ⁊ clicus ha
624 357 1130 403 beat forũ militis p totũ . ⁊ si cũ muliere turpit
624 386 1135 423 inuẽtus fuit , maiordomꝰ non mittat manũ
625 415 1132 456 in eũ nec aliquo modo eũ capiat, sed mulierẽ ,
624 442 1118 488 si uoluerit, capiat testimonio bonor hoim .
627 478 1115 512 De madeyra que uenerit p fluuiũ unde
622 501 1123 540 dabant octauã dent decimã . De atalaya d
623 530 1144 576 uilla debet tenere Rex medietatẽ , ⁊ milites
625 564 1130 601 medietatẽ suis corpibꝰ . Militem de Stremoz
624 594 1136 635 cui ms diues ho benefecit de trra sua ul de hre
625 622 1137 666 suo p quod eũ habeat, ego recipiã eũ mo diuiti
623 651 1143 694 homini ĩ numerũ suor militũ . Maiordomꝰ ul
625 678 1139 724 sagio eiꝰ non eãt ad domũ militis sine portario
627 705 1127 748 pretoris ⁊ ms nobilis homo qi Stremoz d me
625 732 1124 771 tenuerit, non mittat ibi aliũ alcayde ni de
623 762 1137 807 uilla de Estremoz. De casis qs mi nobiles ho
625 790 1141 833 mines aut freyres aut hospitalarii aut monaste
623 820 1126 856 ria ĩ Stremoz habitauint , faciant forum uil
624 843 1146 890 le sic ceti milites d Stremoz. Ganatum pditici
623 876 1129 919 um qd maiordomꝰ ĩuenerit , teneat illud usq
624 903 1131 950 tres mẽses ⁊ p singulos mẽses faciat pconẽ d eo
622 931 1133 978 dari, ut si dns eiꝰ uenerit, det ei. Si aut dns eiꝰ
624 961 1126 1010 pcone dato us ad tres mẽses non uenerit, tũc
625 992 1135 1034 maiordomꝰ faciat d eo comodũ suũ . De caual
622 1020 1127 1073 gada d alcayde nich accipiat alcayde puĩ ni
625 1050 1118 1101 qd ei milites amore suo dare uoluerint. De
624 1083 1136 1126 caualgada LX militũ ⁊ sup diuidãt mecũ in
623 1117 1124 1157 cãpo . Faber aut zapatariꝰ aut pilitariꝰ qi in
616 1141 1141 1188 Stremoz casam habuit ⁊ ĩ domo sua laborau
623 1176 1136 1215 erit, nõ det de ea ullum forum. Et qi maur
624 1203 1127 1247 fabrũ aut zapatariũ habuit ⁊ ĩ domo sua
625 1231 1147 1270 laborauit nõ det p eo forũ . Qi aut ministia
627 1261 1133 1302 les ferrarii ul zapatarii fuint , ⁊ p pfficiũ is
625 1289 1124 1332 tud uixint , ⁊ casas nõ habuint , ueniãt ad
627 1317 1131 1357 tendas mas , ⁊ faciãt mi forũ . Qi eqũ uendidit
628 1346 1133 1380 ul ꝯpauerit ul maurũ ext Stremoz, ubi eũ
625 1369 1149 1407 ꝯpauit ul uendidit ibi det portagiũ . ⁊ pedites
627 1395 1138 1442 quibꝰ suũ hre dare debuint , dent inde decimã
627 1423 1138 1471 maiordomo, ⁊ maiordomꝰ det eis p decima dirc
628 1456 1132 1494 tum . Et si p decima eis dare directũ noluit ,
625 1482 1141 1522 tũc ptor faciat eis directũ dari p suũ porta
625 1510 1126 1548 riũ . Et hoies qui habitauint ĩ heditatibꝰ de
619 1535 1137 1587 Stremoz si furtũ fecint ut supdcm e , ꝯpona
627 1565 1148 1608 tr medietatẽ regi ⁊ medietatẽ dno heditatis .
628 1594 1138 1638 Moratores Moratores d Stremoz nõ dent lu
629 1622 1135 1670 ytosam. Adaliles d Stremoz nõ dent qintã de
628 1650 1135 1699 qinionibꝰ suor corpor . Milites de Stremoz nõ
630 1681 1130 1742 teneãt zagã , ⁊ deanteyrã teneãt ĩ exccitũ
