1592 2164
407 115 931 168 regis. Panetarie dent p foro de tiginta panibꝰ un
405 150 913 197 um. Portagia uo ⁊ forum ⁊ qinte sarracenorum et
406 174 916 228 alior ita psoluant sic ꝯsuetudo e , exceptis hiis
406 199 925 259 qi supiꝰ scipta sunt, ⁊ ub relinqo . Pro alcay
400 230 917 289 daria de una bestia q uenerit de fora cũ piscato
401 259 915 311 dent duos denarios, ⁊ de barca de piscato minu
402 292 918 343 to duos d , ⁊ de toto alio piscato dent suũ for .
402 319 909 373 Hec itaq omia pscipta ub do p foro, ⁊ concedo
400 351 901 396 ⁊ ad hec eat maiordomꝰ testimonium bonor hoim
400 375 898 425 ⁊ n ad alia. Milites d Stremoz testificent cũ
401 402 910 460 infanzonibꝰ de Portugali. Siqis gi hoc mm fa
399 436 899 484 ctũ ub firmit seruauit benedicionibꝰ dei et
396 464 923 516 mei repleat . Qi uo illud frangere uoluit ma
394 492 918 548 ledicionẽ dei ⁊ mi ꝯseqtr . Qi eciã aliquẽ calca
394 525 918 579 ribꝰ pcussit , testimoio bonor hoim ꝯuictꝰ fuit
395 559 911 604 pectet D sl . De nauigio uo mãdo ut alcayde
395 581 901 638 ⁊ duo spadalarii ⁊ duo puarii ⁊ unꝰ pitĩtal ha
396 611 911 667 beant forum militũ . Do ub eciã ⁊ ꝯcedo ut
396 640 923 690 uram almotazariã habeatis ⁊ eã p uolũtate ue
395 670 913 722 stra disponatis. Mando eciã ut nec ms ptor ui
394 697 906 750 lle nec maiordomꝰ nec aluaziles nec aliqis aliꝰ
393 724 911 774 audeat afforciare ullum hoiem de Stremoz ul
390 751 911 807 de fora de suo pane n de suo uino neq de suo
391 780 919 836 piscato n de suis carnibꝰ neq de aliis rebꝰ su
393 812 909 859 is. Ad huc mando ut mi maiordomi nõ uadãt
395 843 927 892 ext uillam aphende hoies nec raubare neq
391 870 922 922 aforciare, s si fecerint calũpnias faciãt eos uo
389 901 909 952 cari p portariũ ptoris corã ptore ⁊ aluazilibꝰ ,
389 925 916 977 ⁊ sanent eis qd fecint sic mandauint ptor ⁊ alu
388 959 907 1007 aziles. ⁊ conciliũ cambiet suos aluaziles ann
389 991 899 1033 uatim. Preterea mãdo ut pater non pectet
389 1018 922 1068 calũpniã p suo filio, s filiꝰ pectet eã si illã fecit ,
389 1047 913 1100 ⁊ si non habuit p quod sanet eã , p corpꝰ suũ san
387 1071 922 1131 illam. Mando eciam de mauris ⁊ de iudeis pcu
385 1101 892 1158 ssis ut ueniãt se ꝯqri ptori ⁊ aluazilibꝰ sic fuit
384 1133 903 1188 ꝯsuetudo tempore pris mi . Ad huc mãdo ut mai
384 1166 900 1215 ordomi non pignorent ullũ hoiem d Stremoz
383 1191 904 1245 donec uocent eũ ad conciliũ corã ptore ⁊ alua
384 1219 903 1273 zilibꝰ . Addo ad huc amore uro ut si aliqis pignor
384 1245 890 1306 auit sn mo maiordomo aut sine sagione suo
383 1280 897 1332 aut sine portario ptoris , pectet tantũ p qnto
383 1305 889 1360 pignorauit ⁊ non plus. Fca carta ap Leyrenã ,
382 1334 904 1384 XI.ᵒ Kls Ianuarii, Rege mandante p donnũ
384 1359 830 1410 Iohnem d Auoyno. E M.ᵃ CC.ᵃ LXL.ᵃ VI.ᵃ.
388 1388 897 1436 Donnus Gunsaluꝰ Grsie alferaz curie, Dõnꝰ
385 1416 892 1466 Egidiꝰ Mrni maiordomꝰ curie, Donnꝰ Mrtinꝰ
384 1442 898 1497 Alfonsi tenẽs Braganciã , Dõnꝰ Alfonsꝰ Lupiz
384 1471 900 1524 tenens Sausam, Dõnꝰ Didacꝰ Lupi tenens
380 1491 902 1556 Lamecũ , Dõnꝰ Andreas Fnandi tenens Ripam
385 1526 906 1585 Minii, Mrtinꝰ Egidii tenens Trasserram, Gun
384 1558 888 1609 saluꝰ Mndi tenẽs Panoyas, ꝯfirmant .
383 1583 911 1637 Dõnꝰ Mrtinꝰ archieps Bracaren , Dõnꝰ Iulia
383 1614 909 1669 nꝰ eps Portugalen , Dõnꝰ Egeas eps Colimbi
383 1649 906 1698 ensis , Dõnꝰ Mrtinꝰ eps Elboren , Dõnꝰ Ro
377 1671 923 1740 dicꝰ eps Egitanien , Dõnꝰ Matheꝰ electꝰ Visen ,
961 120 1453 181 Donnꝰ Petrꝰ electꝰ lamecen , Magr Matheꝰ
957 155 1448 210 electꝰ Vlixbon , ꝯfirmant . Testes: Iohns
960 189 1448 239 Suarii Coneliꝰ ts , Alfonsꝰ Mrni supiudex ts ,
959 217 1474 264 Lupꝰ Roderici uice maiordomꝰ ts , Mrtinꝰ Peti
956 243 1539 304 clicꝰ Regis ts , Io Suarii clicꝰ do reg ts , Io Fnãdi uice
951 276 1460 329 cãcllaꝰ ts . Dõnꝰ Stephanꝰ Iohnis cancellariꝰ
957 308 1470 355 curie ꝯfirmat . Dnicꝰ Peti notariꝰ curie fec .
