1676 2226
423 187 922 234 ul cum feridas ul fregit portas intrãs domũ ui ĩ cauto
421 220 926 254 uille, pectet D sl . Si rausum ul homicidiũ ex uil
421 246 911 286 lam LX sl pc . Mandamꝰ ut unꝰqis accipiat uxorẽ suã
421 278 937 315 qm hat recabedadam ul filiam suã que adhuc n fuit nup
420 305 915 337 ta ui eam ĩuenit sn pecto. Et filium qm pater suus
420 328 920 372 ĩ domo ten p suo matado accipiat eum uiq pt ut n
420 358 921 404 frangat super eum portas ul pcutiat aliqm sn pecto.
421 388 912 435 P stcore ĩ ore misso LX sl uiq pc . Si qis pcussit cũ
420 415 922 455 armis mulutis d suo grado ⁊ p iram ĩ cauto uille LX sl
420 443 916 490 pc . Si foras XXX sl pc . Feridas ꝯsiliadas istas sunt
421 473 911 513 ⁊ n alias qui querit amicos ul parentes ul arma ul
420 502 920 544 tochos cum qibꝰ uadat ferire ⁊ pcussit p uerã exqisam
424 534 920 578 LX sl pc . Pro mbro absciso LX sl pectet. P omnes feri
420 560 914 602 das d qibꝰ satisface deb⁊ intret ĩ fustam scdm uetem
423 592 926 630 forum Colimbie aut ꝯparet eas cui satisface deb⁊ . Si
423 626 928 669 nal d alcaide aut iudicis c testimonio teneatur. Do
423 652 919 693 mus alicuiꝰ n sigelletur ni antea uocet ad directũ . Si
421 682 916 718 quis aliquid ab aliqo qsierit an iusticias respondat p
421 708 916 744 directum. Si quis debitor alic rebellis extit , ab illo
421 735 925 781 q suum e hare n potuit ⁊ ꝯposuit se c maiordomo tn
420 766 932 811 maiordomꝰ nõ hat ni decimam d qo traxit de habe rebe
421 805 933 838 llis, ni fuit d usura. S d usura accipiat qntum pepi
423 832 916 866 git cum eo. Oms uo intencoes nri maiordomi sint p
420 852 937 891 inqisicoem ul de illis rebꝰ un potuint hre exqisam direc
420 879 931 922 tam. Qi sciuit uitatẽ ⁊ eã negauit in exqisam ꝯpoat
421 911 930 955 qntum pdit fecit illi ⁊ dno tre aliud tm ⁊ ult in testi
421 941 928 976 moniũ nõ recipiat . Si aliqis uozariꝰ se cum maiordo
421 968 923 1005 mo ꝯposuit ca in aliqid hndi si pbatus fuit q tal e p ex
420 995 922 1037 qisam scdm qntitatẽ calumpnie qm obiecit , in corpe
420 1021 922 1059 puniat si nõ habuit q pectet. ⁊ n audiat ni pius dedit
420 1056 923 1094 fideiussorẽ in manibꝰ de iꝰticiis . Phibemus en os hꝰmoi qi se
419 1084 923 1121 faciunt uozarios falsos ⁊ n hnt tortũ . P tales en ois tra
416 1108 928 1152 pdita e . Qmuis maiordomꝰ ⁊ iusticie sint psentes ⁊ ali
418 1137 920 1185 quis in ꝯcilio ꝯqratur d aliq re, maiordomꝰ nõ accipiat
418 1173 910 1208 qrimoniam illã p uoce, ni ille qi qrimoniam fecit dixit
415 1203 941 1242 maiordomo do ti istam qrimoniam p uoce. Si quis in
416 1228 925 1266 defensioe sui agri aut uinee ul orti dampnatorẽ expo
418 1257 920 1294 liauit qmuis damnator sit pcussus aut uulnatꝰ tam
419 1287 926 1328 dns uinee n pc . Qd si damnator dnm agi pcussit satis
419 1317 925 1350 faciat ei. Et qcumq calumpia fecit pc . Defendimus
420 1341 925 1380 ut nullus ĩ uilla arma trahat, q si txerit ⁊ n pcussit p
418 1372 926 1407 dat ea. Si qis mẽsuras aut cubitos falsauit V sl pc .
418 1398 919 1433 Si quis d domo altius aut ex domũ rẽ p uĩ accepit
416 1423 917 1461 ⁊ dns suus uenit cum rancura ad alcaide ul ad iꝰticias
418 1445 935 1488 ul ad maiordomũ in duplo ꝯpoat . Si quis uxorem suã
418 1479 930 1517 iusto iudico adultam fecit , res sue sint ĩ potestate dni
418 1505 933 1549 tre . Deffendimꝰ ut nullus audeat taliar c uallo carrei
419 1534 925 1573 ras l tratas autorizatas d ꝯcilio nc mutet marcos. Qi
418 1563 923 1603 uo h fecit san p forum tre . Almotaze sit d ꝯcilio . Ma
419 1587 923 1631 iordomꝰ ⁊ seiõ ⁊ iusticie ⁊ portitor d alcaide sic cauti ĩ D
416 1616 927 1660 sl . Qi fecit furtum pc sic mos e tre ul ꝯdempnet . Qi
416 1643 917 1686 cumq uo latronẽ ul malefactorẽ inuenit pndat eum
418 1676 927 1720 scdm suum posse sn calumpnia suor parẽtum ⁊ homici
420 1701 932 1744 diũ . Si quis intrauit ĩ uineã ul almuniã alicuiꝰ fur
416 1735 926 1799 tĩ , in ca comedendi ul cũ manu sua bestiã in ferraginẽ
966 187 1468 230 alicuiꝰ misit V sl pc . Si aliqid d uinea ut de almunia ĩ
963 218 1481 259 gremio ul in taleiga ul in cesta attuelit ul ferraginẽ secca
967 246 1481 286 uit I mr pc . Si ĩ nocte dephensus fuit furtiue ĩ ui
966 277 1478 314 nea aut ĩ ꝯferragiẽ ul in almuina LX sl pc ⁊ q uestit .
967 304 1468 341 Et de isto pecto dns laboris hat medietatẽ . Si uo nõ
966 330 1486 374 habuit q pc clauificatur ĩ porta p unũ diẽ dein fra
963 362 1491 401 gelletur. Si maurꝰ alicuiꝰ fuit solutus ⁊ fecit calũ
969 389 1486 425 pniã dns eiꝰ respondeat p eo scdm calumpiam qm fecit
967 416 1484 452 l dimittat ĩ manu maiordomi. Maiordomꝰ n accipiat
967 446 1476 486 maurũ alicuiꝰ qui fuit in uinclis l maurã solutam
964 469 1473 519 p qcumq calumpia qm fecit . Et si dns tre ⁊ ꝯcilium
968 503 1483 546 uidit q talẽ cam fecit p q deb⁊ lapidari l cremari, lapi
966 537 1484 576 det ul cremetur. Si uo talem cam fecit p q deb⁊ flagella
969 567 1484 607 ri ⁊ in corpe extminari flagellet . Et pꝰquam flagellauĩt
968 596 1476 631 eum ul eam dno suo reddatur. Qmcumq fiaduriam
970 625 1462 666 qisq fecit si eam n ꝯpleuit scdm directũ eamdẽ pc .
970 651 1469 690 Et qi uendit uinũ in relego LX sl pc ⁊ per qutas uices
970 680 1470 717 ĩuenint uinũ uende p tantas uices pc LX sl . Et tota
969 706 1469 743 illa bestia que uadit ad areã ul ad lagar p aluger fa
969 740 1473 780 ciat forum d almoqueuer. Istas calumpias mãdamꝰ pc
968 765 1468 807 ⁊ n alias. Et d iugada sic mandamꝰ p laborator det d
972 796 1473 839 iugo de bobꝰ VI qr , ⁊ tres sint qr d meliori autuno qe
970 826 1469 860 laborauit ⁊ h e autunꝰ titicũ ordum ⁊ centenũ . Et de
972 850 1471 890 scda s miliũ ⁊ paniciũ det alios tres qr si laborauit .
970 881 1476 920 Et qmuis laborauit laborator cum duobꝰ iugos ul III l
972 902 1474 952 IIII.ᵒʳ ul cũ X ul cũ XX n det magis d VI qr qntum
970 936 1485 976 dabit p uno iugo si totum panẽ istum laborauit . In sr
973 968 1481 1005 mandamꝰ ut de iugada ⁊ d quarta det dns laboris qlem
970 989 1474 1028 uoluit . Et det cauõ de iugada VI al usq III geiras.
970 1022 1474 1064 ⁊ si fecit plus quã III geiras det I qr p iugada. Sit p
972 1048 1483 1090 alq d XVI alq per alq de directo. De molinis n accipi
970 1078 1485 1117 ant ni d XIIII alq I sine offrecioe . Kabe sit qles iusti
972 1110 1480 1150 cie ⁊ ꝯcilium uidint p directo. Et si molinariꝰ in aliter
972 1143 1481 1177 fecit ipe cum hre suo sit in potestate dni tre . Et si alic
972 1172 1479 1204 militum morit caballus stet ĩ honore unũ ⁊ si aliqis
972 1200 1486 1235 militum uenit ĩ senectute ut n possit militare qndiu
970 1225 1479 1271 uixerit sit ĩ honore militũ . Milites hant suas hedi
970 1256 1484 1294 tates libas . Et si milites obierit uxor q remanserit sit
973 1288 1473 1324 honorata sic in diebꝰ uiri sui. Si au maiordomꝰ l
972 1314 1492 1354 iusticia hoc nrm directum irrumpit p ofrecoe aut amo
970 1336 1484 1383 re alicꝰ , ipe ⁊ res eiꝰ sint ĩ potestate dni tre . Facta carta
972 1368 1476 1409 ĩ mẽse Octobris e M.ᵃ CC.ᵃ XX.ᵃ VIII.ᵃ. Ista omnia ĩueni
973 1393 1474 1434 m scipta in carta d Tomar ⁊ multa alia ipi faciunt q
968 1415 1480 1454 ĩ carta nõ tenent ⁊ sic ipi fecint ea ita ⁊ nos faciemus.
973 1445 1484 1482 Ego rex Sanciꝰ in h carte firmamẽtũ iussi face coram
970 1469 1490 1512 mis uasallis ppips manibꝰ roboraui. Qi psentes fuũt :
963 1501 1481 1544 Martin Colimbrien epc ts . Comes Dõnus Manẽdꝰ ts .
974 1533 1483 1569 Dõnus Petrꝰ Alfonsi ts . Menendꝰ Strema alcaide ts .
974 1559 1483 1596 Petrus Macanerie maiordomꝰ ts . Iulianus regis no
973 1581 1324 1622 tariꝰ ts . Sueriꝰ Vlisbonen epc ts .
974 1606 1491 1658 Ega Alfonsus II.ꝰ Di gra Portu rex unã cum uxo
975 1639 1475 1689 re ma reg Dna Vrr ⁊ filiis mis infantibꝰ Donno
973 1673 1478 1712 S ⁊ Dõno A ⁊ Dõna Alionor, ꝯcedo ⁊ ꝯfirmo ub
975 1696 1478 1741 pplatoribꝰ de Turribꝰ Nouis istam cartã ⁊ istud forum
978 1725 1473 1784 q ub dedit pater ms illustrissime memorie rex
