1518 2011
202 68 724 118 n Di nne . Ego Adefonsus infant filiꝰ Anrrici comites et
201 102 724 149 regine Tarasse facio carta donatois ⁊ firmitudinis ubs
189 132 731 174 homines de Penela et cunctis qui ibi habitauit , dono atq ꝯcedo
181 160 731 199 ub mm castellum cũ suis tminis cũ montibꝰ et fontibꝰ terris
185 186 726 227 et pasquis ruptos et nõ ruptos, cuiꝰ uo isti sũt tmini . D illa
167 217 724 259 cabeza de Mata Furado ⁊ fert in Dueca ⁊ uadit ad illam ca
166 239 738 283 beza de Albarol et fert in illa Taliada et uadit p illo lõbo
174 275 736 309 raso et fert in illa uia antiq da serra et qomodo curit aq
176 303 714 338 ad illum flumen do Alsu et uadit p illum flumen et fert
167 331 725 370 in directum ad ipm portũ de Lagenas et pgit a cabeza d Douelio
173 357 720 399 et descendit p illa ualle de Pito et uadit a Figeiroa et intrat
169 385 729 431 in illa aq de Ladeia usq in allo Vlmar et fert in cabeza de
171 420 727 461 Mata Furada. Dono atq concedo ub ipm castrum cũ suos
167 449 726 484 obtimos foros. De uno iugo bouũ II qr medium tctici ⁊
172 473 732 515 medium ordei. Et qntũ habeat uno homine plꝰ boues nõ
175 502 745 546 det plꝰ de II qr . Et illi qi ibi habitauĩt uineas et habu
172 531 741 576 erĩt qinqe qinales deinde dent inde duos puzales ⁊ nũqm
172 561 725 602 plus, et nõ uadat maiordomo ad suo lagar. De ceruo uno
174 589 720 627 lombo. De porco duas costas. Monteiro que nõ der iu
171 620 720 655 gada et fuerit ad mõte des cando habuit in mõte octo
171 643 723 687 dies det alqueire de mel ul aratal de cera. Et colinariꝰ
168 674 722 715 uno conelie cũ sua pelle. Et miles qntos homines po
167 702 725 740 tuerĩt habere in sua heditate sint salui. Mulier si uir
167 723 741 769 eiꝰ miles mortuus fuit qntũ fuit uidua nõ det iugada.
166 759 712 798 Miles si forte euenerit in miseria et in pauptate nõ
166 784 723 825 det iugadam. Oms qi ibi habitauĩt habueritq duo iu
174 812 723 849 ga bouũ et decẽ oues et duas uacas ⁊ uno lecto de panos,
165 837 727 882 illum qd habuit plꝰ emat in cauallo. De omicidio et de
165 866 734 911 rauso intꝰ pfectũ XXX sl et foras XV sl . De latone V sl
184 898 726 943 et pcuciãt illã ante ⁊ retro. De illa atalaia rex media
165 926 728 970 ⁊ habitatores alia media. De uigilia de muro rex mdia
168 955 729 998 ⁊ habitatores alia media. De pua cũ scuto ⁊ cũ lancea
163 986 726 1024 ille qi cedidit donet II sl . Et de porina I sl . De iudice
162 1018 719 1058 pcusso X sl . De saione pcusso V sl . Et omias alias cal
161 1040 726 1087 upnias qe ibi fuĩt facte nõ apariãt aliqm rẽ sed faciãt
160 1071 723 1118 iudiciũ int se et cõueniãt se bene. Et si aliqis homo nõ
161 1102 731 1144 uoluit ĩtre in iudiciũ uicinor suor uendat illud qd
164 1129 723 1174 habuit totũ ibi et exat de nro castello. Homo qi fuit
162 1159 722 1203 ad domũ uicionor suor sine alcaide ul sine iudice
164 1189 722 1233 det LX.ᵃ sl , XXX.ᵃ a rex ⁊ XXX.ᵃ a cõcilio . Et si ibi adduxerit
159 1216 718 1259 arma det V sl et pza illas. Quando fuimꝰ in fossado
163 1244 716 1285 regis demꝰ medietate qomo sua criatione . Homo de
162 1270 727 1311 Penela ĩ qntũ fuit de infante nõ det portatico. Homo
162 1300 708 1346 de Penela nõ faciat nullũ iudiciũ nisi in suo castello.
159 1330 705 1371 Et illã captũ que ub mandastis sedeat p suas tminis
164 1360 704 1404 et si nullꝰ homo ĩrumpe uoluit illũ det CCCCCC sl
160 1386 720 1431 a regis. Et oms qi ibi uenit ad populandum suas here
159 1414 717 1456 ditates ubicũq fuĩt sĩt salui. Et ad illo alcaide suas
159 1444 714 1488 qintas ⁊ suas alcaidarias ⁊ suos foros habeãt . Clericꝰ
159 1475 714 1512 qi ibi fuit in ecclia donet ad epm que ibi fuit una
162 1503 726 1544 pelle de ianeta ⁊ uno alqueire de mel. Et si aliqis homo
160 1537 715 1569 uenit ul uoluit hoc mm sciptũ corrũpe sit maledictꝰ
157 1560 722 1598 et excomunicatꝰ ⁊ cũ Iuda tditore in ĩferno ꝯdepnatus .
156 1587 707 1624 Facta k donatois ⁊ firmitudinis mense Iulli ⁊
161 1615 717 1667 M.ᵃ C.ᵃ LXX.ᵃ V.ᵃ. Ego infans Aldefonsus qi hãc cartam iussi
197 1645 697 1705 fi cũ manu ma roboraui ⁊ signa h fecimus +.
743 56 1320 112 Bernaldꝰ epc ꝯf . Martinꝰ Guiliufiz ts . Egas Moniz ts . Lourina
743 97 1311 140 ts . Didacꝰ Tstimiiriz ts . Petrꝰ Martinii ts . Garsias Maurꝰ ts . Pe
741 127 1320 167 lagiꝰ Tstimiriiz ts . Rodricꝰ Plagiꝰ ts . Egas Moniz ts . Fnãdꝰ Cap
741 154 1048 194 tiuus ts . Sancho Noniz ts .
736 179 1318 226 Ego Alfonsus Di gra Port rex una cũ uxore ma regina
751 210 1282 261 Dna Vrraca ⁊ fillis nris infantibꝰ Dõno S. ⁊ Dõno A.
751 236 1326 283 et domna Alionor cõcedo ⁊ cõfirmo ub moratoribꝰ de Penela istã
754 268 1330 310 cartam ⁊ istud for qd ub dedit ms auus rex Donꝰ Alfõsꝰ .
751 293 1328 338 Et ut hoc nrm factũ in ppetuũ firmũ robur obtineat
753 321 1331 363 pcepi fi istam cartam mo sigillo plũbeo munitã . Facta
758 350 1325 393 fuit hec carta apd Colimbiam mense Nouẽbis e M.ᵃ CC.ᵃ
755 379 1317 429 L.ᵃ V.ᵃ. Nos s. nnati reges qi hanc cartam fi pcepimꝰ corã
753 408 1325 455 subsciptis eam roborauimꝰ ⁊ ĩ ea signa fecimus +++++.
756 437 1319 484 Qi affuerũt : Dõnꝰ S. Bcarẽs archiepo ꝯf . Dõnꝰ M. Port
759 465 1329 513 epc ꝯf . Dõnꝰ P. Colinbien epc ꝯf . Dõnꝰ S. Vlixbonen eps ꝯf .
758 497 1325 542 Dõnꝰ S. Elboren eps ꝯf . Dõnꝰ P. Lamecen epc ꝯf . Dõnꝰ B.
756 522 1333 569 Visen epc ꝯf . Dõnꝰ M. Egitanien epc ꝯf . Mgr Plagiꝰ cãtor
758 554 1333 599 Port ꝯf . Dõnꝰ M. Ihnis signif dni regis ꝯf . Dõnꝰ P.
756 583 1333 627 Io dapif dni regis ꝯf . Dõnꝰ L. Suarii ꝯf . Dõnꝰ Egidiis
755 611 1295 654 Valasqiz ꝯf . Dõnꝰ G. Suarii ꝯf . Dõnꝰ Ihns Fnãdi ꝯf .
755 639 1313 682 Dõnꝰ F. Fnandi ꝯf . Dõnꝰ Lopꝰ Al ꝯf . Dõnꝰ Po Alfonsi ꝯf .
756 665 1340 717 Vincenciꝰ Mdi ts . Petrꝰ Garsie ts . Ioanninꝰ ts . Martinus Petiz .
759 700 887 750 Petrꝰ Pet ts .
