1578 2014
838 304 1152 347 n nne patis ⁊ filii ⁊ sps sci , amen.
839 334 1378 377 Ego Alfonsus rex Portugalensis una cum filio mo rege
837 362 1374 407 Sancio ⁊ filiabꝰ mis regina Tarasia ⁊ regina Vrraca
838 389 1385 434 ub habitatoribꝰ de Melgacio facio cartam ⁊ sciptum de hedi
837 416 1386 463 tate ma qm habeo in tra Valaradarẽsi ĩ loco pdco Melgacio.
829 444 1387 483 Do ub illam ⁊ ꝯcedo cum suis tminis ⁊ locis antiquis ⁊ medie
830 469 1393 516 tatẽ integrã de Chauianes p ui illam potuitis ĩuenire ul uẽ
829 496 1398 543 dicare . Mando enĩ illam ub ⁊ ꝯcedo tali pacto ut eam hedi
831 523 1394 575 ficetis atq ĩ illa habitetis, p illud for qd a me quesistis sci
831 554 1406 603 licet de burgo de Ripia Auie qd uidistis ee bonũ . Hoc mi rec
830 579 1393 629 te adtendite ⁊ ego ub iuste adtendam. H e noticia illiꝰ fori
830 608 1386 656 de Ripia Auie. Vt unꝰqisq urm p uris domibꝰ semel ĩ anno
805 636 1400 681 mi ul cui mandauo unũ solidum detis. Similit ⁊ carnifi
830 666 1383 706 ces II sl , mediã ptẽ post tiduũ Natal Dni ⁊ mediã ptẽ III.ᵒ
830 685 1396 736 die post festum Asũptionis Sce M . Qndo aut rex ur uillã urã
834 716 1395 763 intrauit semel ĩ anno ⁊ nõ ampliꝰ illi VI d p sua collecta
834 746 1403 793 afferatis. Et si uo plus ĩ ipo anno rex uenit , de uro adiu
836 775 1400 822 toriũ ei date qntum uoluitis . De pane ⁊ uino qd laborauitis
841 802 1403 847 ul emitis atq de tota traparia aut de brutis animalibꝰ
836 832 1401 882 qe uẽditis ul emitis de qolibet mcado int uosmet ipos ⁊ de
841 863 1407 909 uris molendinis ac fornacibꝰ ⁊ de ura almunia nulli respõ
838 895 1405 937 deatis ni soli Do . De extraneis mcatoribꝰ qi bestias honeratas de
840 920 1398 965 qolibet mcado adduxit , p eq ul p mulo unũ solidum. De eq
840 949 1415 1001 VI d ⁊ de asino IIII d ⁊ de pedite II d regi uro pbeatis . Si qis
838 984 1403 1028 mcator cũ traparia uenit , totum truxel si uoluit uendat
838 1012 1394 1058 ⁊ nõ retalu ni ĩ ppia feria. Et si ind aliud fecit , int iudices
840 1042 1407 1093 ure uille ⁊ mm uicariũ XXX.ᵃ sl reddat. De falso cubito ⁊
840 1076 1430 1124 de tota medida panis ⁊ uini ⁊ salis, p falsitate V sl reddat.
834 1106 1422 1153 Si quis uenditor uenit qi caballum ul mulã uoluit uende ,
844 1139 1413 1184 cõpatores p eqo I sl hospiti ⁊ altum regi, p mula III sl hos
843 1165 1419 1213 piti ⁊ III sl regi, p equa VI d , hospiti VI d regi, p asino
844 1196 1424 1240 III d hospiti ⁊ III d regi pbeant . Moratores uille qicqid uendĩt
844 1227 1416 1271 aut ꝯpauint , nulli respondeãt cũ feria ⁊ sine feria, ni red
844 1254 1419 1295 dant p manto uniꝰ coloris IIII.ᵒʳ d , p saia uniꝰ coloris II d , p manto
844 1287 1400 1330 coelio IIII.ᵒʳ d , p manto uiado II d , p saia uiada I d , ⁊ p capa
843 1310 1410 1359 galega II d , p pelle cordeira II d , p pelle cabitina I d , p boue
849 1341 1410 1382 IIII.ᵒʳ d , p uaca II d . Mcatores extranei ⁊ nõ moratores uille hoc
846 1369 1410 1414 totum afferãt . Si qis int uos aliquẽ occidit , uicinꝰ cum uicino
848 1400 1416 1447 tc ueniat iꝰticia uille cũ uicario regis ad portã homicide ⁊ pig
848 1432 1420 1478 nus ab eo qrant , dato pignore, tc ab eo fiadorẽ in V.ᵉ sl petãt .
847 1457 1429 1512 Dato fiadore usq ĩ VIIII dies reddant ei pignus suũ . Pꝰ uo VIIII.ᵉᵐ
849 1491 1417 1547 dies, ueniãt illi supdicti p homicidio C sl ab eo petãt . Si enĩ
849 1523 1416 1573 eum ĩ uilla nõ in uenĩt , fiador illiꝰ tc V sl pariat, ⁊ tc homi
846 1554 1413 1597 cidiũ s sup domũ suam ⁊ sup heditatẽ , ni aliud ei malifaciãt
853 1589 1417 1639 ni sui inimici. Si quis tam aliqe furtĩ occidit ⁊ mortuũ an
855 1617 1415 1668 portã sui uicini posuit , ⁊ oms eum calũpniauĩt , tũc ad ec
850 1649 1410 1697 pgat , p iuramtum saluet se ipm ⁊ sanus pmaneat . Si quis
850 1672 1412 1726 de foris uenit qi inimiciciã cum morãte ĩ uilla habuit ⁊ nõ
853 1702 1413 1756 antea a suo inimico fiãciã qesierit ⁊ despicit ꝯciliũ uille, tc
853 1729 1417 1793 morator uille cum amicis suis ꝯt illum exeat. ⁊ si eũ usq ad
1413 295 1507 351 Carta de
1406 335 1492 412 Melgacio
