1676 2226
632 1636 905 1678 Forum de Pena de Dono
438 1656 924 1708 n nne scte ⁊ ĩdiuidue tinitatis patris ⁊ filii
430 1691 925 1728 ⁊ spus sancti am . Vbiꝰ sũmi Di facimꝰ cartã istam ĩ
434 1718 927 1780 ipiꝰ nne tinitatis . Ego rex S. Port pariter cum
989 179 1505 228 filiis nris ⁊ filias ub homines d Pena d Dono qi ii nũc ppla
989 217 1487 254 tores estis p mandatũ mm ⁊ d filiis mis , siue qi uenint
990 244 1506 293 ad ppland , facimꝰ ub cartã sic ⁊ fecimꝰ p scipturã ⁊ p pcep
989 283 1502 314 tum nrm firmit teneatis ut hatis for bonum sc hnt
989 302 1504 348 homines d Troncoso. Et n detis mi neq ad pgeniẽ mam
990 332 1501 372 nc ad aliqem hominẽ p homicidio ni VII.ᵃ ad pal d CCC
989 364 1494 396 sl apciadura p ꝯcilium ⁊ p manũ d iudice. ⁊ nullũ
989 387 1500 421 pectum n ullã calumpiã n intret ii nullo merino, ni iu
987 409 1505 452 dex d ꝯcilio . Et faciant fossadũ la tcia d los caualeiros
988 441 1491 476 ⁊ due partes stent ĩ Pena de Dono. Et d illa una parte
989 464 1515 508 q habuit a andar ĩ fossado ⁊ n fuit qomo det ĩ fossadeira
987 498 1497 536 V sl ĩ apciadura . Et n faciamꝰ fossadum ni cum nro
987 521 1496 565 senior una uice ĩ anno aut nra uoluntas fuit . Et
988 551 1494 601 peones n faciant fossadum n clic . Et n intret ibi
989 583 1507 629 nunciũ nc manaria d nullo qo homine p for d Pena d Do
989 614 1490 655 no. Et qi in tmio d Pena d Dono filiam alienã rausar
987 635 1504 686 ex suam uoluntatẽ qomo pc ad pal CCC sl ⁊ exeat ho
989 670 1492 709 mizieiro d suis parentibꝰ . Et si aliquis int uos ĩ m
989 696 1502 739 cato aut ĩ ecc aut ĩ ꝯcilio plecato a pgõ feridam fecit
989 724 1502 766 ad suũ uicinũ pc LX sl ad ꝯcilium p manũ d iudice.
988 759 1494 795 Et d furto qolib sedat q colligat suo dno cabdal ⁊ d illa
987 786 1502 823 calumpia diuidat c iudice p mediũ . Et qi domũ edifica
990 812 1485 848 uit aut uineas aut heditatẽ suã honorauit ⁊ uno
987 840 1494 876 anno ĩ illa sedit ⁊ pꝰea ad aliam tram fuit qomo suiat
989 868 1499 901 illi tota sua heditas , ui illi habitantes fuint . Et si qesie
989 890 1489 928 rit illas uende , uendat ad qem uoluit p for d Pena de
987 920 1489 957 Dono. Et homines d Pena d Dono qi habuint iudiciũ
984 949 1499 988 l aiuntã cum hominibꝰ d aliis tris hant illos ĩ ca
987 978 1486 1015 bos d suis tminis . Et dono ub for q stet caualeiro p
985 1000 1491 1043 infanzõ d totis aliis tris siue ĩ iuramto qomo ĩ iudico ,
984 1032 1494 1068 ⁊ passent sr illos cum duobꝰ iuratoribꝰ . Et illos pedones
983 1057 1490 1100 d Pena d Dono q passent sup illos caualeiros uillanos d
980 1088 1496 1127 totis aliis tris ĩ iudico ⁊ ĩ iuramto cum duobꝰ iura
983 1119 1480 1162 toribꝰ . Et homies qi d suis tris exierint c homicidio
979 1147 1504 1195 aut cũ muliere rausada ul c alia calũpia qalib sedat ,
983 1181 1491 1224 ni qi n acdducat mulierẽ alienã d bndicoe , ⁊ torn se ad
984 1211 1489 1252 seniorẽ d Pena d Dono, ⁊ sedat soluto ⁊ defenso p for
983 1240 1486 1288 d Pena d Dono. Et si qi homines d qibꝰcum tris cũ ĩi
984 1270 1491 1310 micitate aut cum pignore uenit ⁊ in tmio d Pena
983 1297 1486 1338 d Dono inttus fuit ⁊ aliqs iimicꝰ pꝰ illum ĩtrauit ⁊
985 1328 1476 1372 pigora tollit aut male illi fecit , qomo pc ad senior
983 1352 1491 1398 d Pena d Dono D sl , ⁊ duplet illa pignora ad suum
983 1383 1487 1420 dnm aut illos liuores. Et qi homies d Pena de Do
983 1408 1485 1451 no pigorauit ⁊ ĩ ꝯcilio n pecierit ad directum qomo pc
979 1434 1481 1476 ad seniorẽ d Pena de Dono LX sl , ⁊ duplet la pignora
980 1462 1485 1503 ad suũ dnm . Et homies d aliis tris qi caualeiro d Pe
982 1492 1492 1530 na d Dono descaualgar qomo pc illi LX sl . Et homes
982 1512 1480 1559 d Pena d Dono qi los pisier ⁊ in pison illos misit qomo
982 1540 1495 1587 pc illi CCC sl . Et si homines d Pena d Dono pndidĩt
980 1565 1491 1616 alios homies d aliis tris in pison illos miserit, qomo pc
974 1595 1492 1648 illi V sl . Et si homines d Pena d Dono p qlib fiado
982 1626 1497 1676 ria a medio anno n qesierit illum q sedeat soluto. Et
984 1652 1494 1704 si migtus fuit sint filii ⁊ uxor eiꝰ libi . Et n soluuãt
983 1681 1484 1730 homines d Pena d Dono pigora p senior nc p meirino,
983 1705 1506 1785 ni p suo uicino. Et n dent pausadã p for d Pena d Dono
