1677 2226
221 183 722 227 in casa d caualeiro nc d uiduis nc de clicis , ni p manũ d
220 217 709 268 iudice ĩ casa de peones. Et homines d Pena d Dono qi
220 254 719 295 homines tenuint ĩ suis heditatibꝰ aut ĩ suis solares,
220 280 711 322 ⁊ n fuit ii suus senior, ueniat ad sinal d iudice ⁊ det
218 306 727 347 fiador a uinida d suo senior ⁊ faciat q mandaret. ⁊ ca
218 335 707 380 lumpia qlib⁊ fecit sedat d suo senior ⁊ VII.ᵃ ad pal .
218 363 721 401 ⁊ n suiat a nullo homie ni a suo senior ĩ cuiꝰ solar seu .
217 390 719 421 Et sua senara aut suas uineas del rei tal couto hant
216 411 713 455 qle d uicino d Pena d Dono. Et qi uicinum occidit
216 440 737 481 ⁊ ĩ sua casa fugit , qi pꝰ illum intrare ⁊ ĩ sua casa lo ma
215 472 730 511 tare pc CCC sl ad parentes del morto. Et qi mulie
216 498 712 540 rẽ aforciauit ⁊ illa uoces mittendo uenit , ⁊ ille c
211 526 712 571 XII n potuit se saluare, pc CCC sl ad mulierẽ ⁊
215 557 713 604 ad suos parentes. Et qi mulierẽ feriret alienã pc
215 589 716 633 ad suum maritũ XXX sl ⁊ VII.ᵃ ad pal . Et homies
215 620 711 661 d Pena d Dono qi fiadores parar p calũpia illi pecit
212 646 712 687 ⁊ fiador outorgar cum duobꝰ uicinis ⁊ ille n qsit
215 672 704 714 collige fiador, ⁊ sr ipm occidit , nos totũ ꝯcilium
215 702 719 749 pctabimꝰ ipm homicidiũ . Et pal regis ul epi hat
215 733 738 770 calumpiã , ⁊ tota alia uilla hat unũ for ⁊ alid pa
215 765 716 802 laciũ n hat calũpiã . Et homies d Pena d Dono qi
215 791 714 829 fiador intrar ⁊ ꝯtentor habuit , ql fiadoria fiar talẽ
216 816 724 852 pc . Et si ꝯtentor habuit mittat illum ĩ manꝰ ⁊ ex
215 843 707 878 eat d fiaduria. ⁊ d suspecta d X sl ad riba cogno
213 869 714 907 min⁊ XII uicinos ĩ redor sua casa ⁊ iuret cũ duobꝰ
212 897 709 939 d eis ⁊ exeat d calũpnia . Et d X sl a iuso iuret
215 927 725 964 sibi alto qles inuenint q uicinos sedrat . Et toto
215 954 722 994 homie d Pena d Dono qi se tornauit ad alium senio
213 983 721 1025 rẽ qi bnfecit ei suas casas ⁊ suas heditates , ⁊ uxor sua
213 1010 714 1053 ⁊ filii sui sint libi ⁊ soluti p for d Pena d Dono. Et do
216 1042 723 1085 ub for q n hatis alium seniorẽ ni regẽ aut filium
212 1073 718 1106 suũ aut qem uos ꝯcilium qsieritis . Et toto homie
209 1099 740 1143 d Pena d Dono qi deserdadꝰ fuit ⁊ p suã manũ nõ lo pc
211 1134 733 1176 tar , qomo se torne ad suã heditatẽ si illa qsierit sn ca
212 1169 737 1200 lumpia . Et toto homie d Pena d Dono qi heditatẽ ha
211 1193 711 1236 buit ĩ alia tra n faciat fossadum, ni p for d Pena d
211 1226 734 1266 Dono. Et toto homie d Pena d Dono qi habuit mulie
212 1250 712 1289 rẽ ad bndicoem ⁊ laxauit eã qomo pc ad iudicẽ I d .
213 1278 721 1320 Et si mulier suũ maritũ reliqerit qem habuit ad bndi
212 1312 719 1349 coem ut pc CCC sl , mdios ad pal ⁊ mdios ad suum
213 1340 713 1377 uirũ . Et d casa derrota cum scutos, spadas ⁊ lancas,
211 1364 718 1404 qi la derroper pc CCC sl , mdios ad dno d casa ⁊ mdios
211 1393 711 1429 ad pal . Et qui dedit ad suũ uicinũ cum spada pc
207 1424 729 1455 XL sl ⁊ VII.ᵃ ad pal . Et qi dedit cum lancea ad suũ uici
212 1448 719 1480 nũ ⁊ exit d una parte ad aliã pc XX sl ⁊ VII.ᵃ ad pal ,
211 1471 712 1506 ⁊ si nõ exit pc X sl ⁊ VII.ᵃ ad pal . Et d plaga un os
210 1498 707 1539 exit cada osso X sl ⁊ VII.ᵃ ad pal . Et d plaga alia
210 1527 703 1565 V sl ⁊ VII.ᵃ ad pal . ⁊ p tota pignora siue d ꝯcilio
211 1547 709 1592 siue d palaco colligat fiador super illa pigora p ad
211 1581 716 1617 for . Et do ub for q n hat nullam defesam nc nullo
213 1608 718 1646 mõte nc nullo pelago, ni d toto ꝯcilio . Et illo mõta
212 1629 707 1668 digo d tmio d Pena d Dono mõtẽ lo caualeiros de
215 1658 724 1699 Pena d Dono cum suo senior ⁊ pndant in tciam partẽ .
215 1689 719 1732 Et nllo ganato d Pena d Dono n sit mõtado . Et de
216 1721 734 1783 portatico d pane ⁊ de uino, d carr III ml . Et d caua
769 178 1262 223 lo ⁊ d mulo, q lo uendidit I sl . ⁊ d boue ⁊ d asino
768 211 1271 257 VI sl . De carneiro aut d cab aut de porco III ml .
771 243 1258 290 Et d toto portatico qi a Pena d Dono uenit pndat
770 279 1134 312 suo hospite tciam . E M.ᵃ CC.ᵃ XXX.ᵃ III.ᵃ.
764 294 1263 352 Ego A. IIꝰ Di gra Port rex una cum uxore
774 326 1267 379 mea reg Dna Vrr ⁊ filiis nris infantibꝰ Dono S.
770 357 1278 399 ⁊ Dõno A. ⁊ Dõna Alionor, ꝯcedo ⁊ ꝯfirmo ub pplato
769 384 1278 429 ribꝰ d Pena d Dono istam cartã ⁊⁊ istd for q ub dedit
769 417 1262 455 pater ms inclite memorie rex Donus S. . Et ut
769 440 1267 479 factum mm firmiꝰ rob obtineat, pcepi fi istam cartam
768 468 1260 507 ⁊ eam feci mo sigillo plumbo ꝯmuniri . Facta carta
769 497 1275 539 mẽse Octobis apd Trancosum. Nos reges supra
770 526 1262 567 nnati qi hanc cartã fi pcepimꝰ coram subsciptis eam
768 556 1260 602 roborauimꝰ ⁊ ĩ ea h sig fecimꝰ +++++. Qi affuer :
770 593 1271 626 Dõnus S. Bracaren archiepc ꝯf . Dõnus M. Port
771 615 1263 660 epc . Dõnus P. Colimbien epc . Donus S. Vlixbon
772 651 1272 688 epc . Dõnus S. Elboren epc . Dõnus Plagiꝰ Lamecẽ
771 677 1258 711 epc . Dõnus B. Visen epc . Donus M. Egitanien
771 699 1272 751 epc ꝯf . Dõnus Mar Ihnis signif dni regis. Dõnꝰ
770 733 1273 779 Petrus Ihis maiordomꝰ curie. Dõnus L. Suarii. Dõnꝰ
772 763 1282 806 Go Suarii. Dõnus Gil Valasquiz. Donus F. Fnadi .
774 791 1272 832 Dõnus Ihns Fernandi. Dõnus Rodicꝰ Mdi . Dõnꝰ
771 818 1271 855 Lo Alfonsi. Dõnus Pon Alfonsi ꝯf . Magr Plagiꝰ
770 848 1282 885 cantor Port ts . Vincenciꝰ Mdi ts . Petrus Garsie ts .
774 876 1282 915 Ihns Plagii ts . Martinꝰ Petri ts . Suarius Stephani
771 901 810 944 ts .
