1676 2226
621 1328 863 1370 Carta de Monte Sco
451 1357 946 1399 n nne patis ⁊ filii ⁊ spu sci am . Ego Alfonsus Di g
448 1388 933 1437 Port rex ⁊ filiis nris rex Dõnus Sanciꝰ ⁊ filia ma reg
445 1419 938 1460 Dna Tharasia facimus cartam ⁊ sciptam firmitudinis
445 1445 940 1492 omibꝰ hominibꝰ tam psntibꝰ q futis qi pplare ⁊ habitare
446 1481 947 1514 uoluint ĩ ipo castello de Monte Sco , ut nullum for faciãt
444 1507 949 1547 in trra nra neq calũpniã ullã neq ĩtencoem aliq pectẽt .
446 1535 951 1571 Damꝰ ⁊ illis for ut ubicũq in tra nra heditates habuĩt ,
442 1566 935 1599 calumpniã ul uocẽ ullam pectẽt , neq for ullum faci
441 1587 937 1626 ant. Et si homo de Monte Sco iudiciũ habuit cũ hoie
441 1620 940 1662 de alia tra , nõ det directum ni ad portam de Mõte Sco .
440 1647 938 1690 Si ho de Monte Sco suũ directum demãdauit ad hoiẽ
441 1675 938 1718 de alia tra ⁊ ĩ iudiciũ uoluit mitte sedeat ad portam
442 1702 931 1749 de Monte Sco . Et si pua fuit , nõ sit facta ni ad portã
444 1735 935 1788 de Monte Sco . S ipi tantũ homines qi ĩ pdicto castllo
994 171 1490 215 habitauint dent nb qintam ex omibꝰ qe ex tra sarrace
994 201 1490 246 nor ul xianor altiꝰ regni lucrari adquire potuint . Damꝰ
996 241 1495 281 ⁊ for ut qi pcussit ul desonrauit caballariũ de Mõte Sco
998 270 1490 304 pectet ei D sl . Et qi pcussit peõ pectet ei C sl . Et cabal
994 296 1499 337 larii de Monte Sco sint ĩ iudicio p infancionibꝰ de alia tra .
994 328 1486 361 Et pedones p caballariis. Et ut homines qi habitauint
995 356 1485 389 ĩ heditatibꝰ de militibꝰ de Monte Sco habeant talẽ forũ
995 379 1490 414 qlem habuint pedones de Monte Sco . Et qi habitauint
994 403 1490 447 ĩ heditatibꝰ peditum de Monte Sco habeant tale forum
995 434 1486 469 qle habent pedites de Monte Sco . Et homines de Monte
994 461 1481 502 Sco nllam portagen de tra nra . Concilium de Monte Sco
994 484 1497 530 mittat int se foros ⁊ custumes qles . Si qis homo
993 513 1483 557 uenit ul ueno qi hanc cartam irrũpe uoluit sit male
994 541 1485 583 dictus ⁊ excoicatus ⁊ cum iuda traditore in infno dãp
998 576 1494 613 natus . Facta carta fori ⁊ roborata apd Colimbian m
992 593 1482 645 se Apilis , e M.ᵃ CC.ᵃ XII.ᵃ. Ego rex Alfonsus ⁊ rex Sã
991 621 1482 667 cius ⁊ Dna regina Tharasie cum manibꝰ nris robora
992 651 1393 699 mus+++++. Qi psentes fuerunt: Valas
1458 656 1482 691 cꝰ
996 681 1364 727 Fnandi ts . Suariꝰ Venegas ts . Fernãdꝰ
1466 684 1492 729 Gũ
996 708 1345 758 saluiz ts . Alcaide Gunsaluus de Sena
1462 714 1490 767 ts .
996 736 1206 792 Ego Alfonsus IIꝰ
1057 760 1328 806 Di gra Port rex una cum u
1431 749 1477 799 xore
994 786 1486 836 ma regina Dna Vrr ⁊ filiis nris infantibꝰ Dõno
995 821 1495 866 Sancio ⁊ Dõno Alfonso ⁊ Dõna Alionor ꝯcedo ⁊ ꝯfirmo
994 849 1492 892 ub moratoribꝰ de Monte Sco tam psentibꝰ qm futis istã
995 881 1495 922 cartam ⁊ istud for qd ub dedit auus ms excelentissie
996 913 1490 950 memorie rex Dõnus Alfonsus. Et ut hoc mm fcm
998 933 1495 973 ĩ pptuũ robur obtineat pcepi fi istam cartam ⁊ eam
998 959 1497 1005 feci mo sigillo plumbeo ꝯmuniri . Facta fuit h carta m
992 983 1482 1027 se Octobi , e M.ᵃ CC.ᵃ L.ᵃ V.ᵃ. Nos sup nnati reges qi hanc
998 1016 1494 1059 cartam fi pcepimus coram subsciptis eam roboramꝰ ⁊ ĩ ea
999 1043 1500 1088 h signa fecimus ++++. Qi affuer : Dõnus Stephanꝰ
995 1070 1495 1117 Bracaren arcieps ꝯf . Dõnus M. Port eps ꝯf . Dõnus
996 1108 1495 1142 Pe Colimbien eps ꝯf . Dõnus S. Vlixbonen eps ꝯf . Dõnꝰ
998 1131 1485 1176 S. Elboren eps ꝯf . Dõnus Pe Lamecen eps ꝯf . Dõnus
995 1162 1499 1205 B. Visen eps ꝯf . Dõnus Mar Egitanien eps ꝯf . Dõnus
995 1189 1496 1232 Martinus Ihnis signifer dni regis ꝯf . Dõnus Pe Ihnis
996 1218 1494 1257 maiordomus curie ꝯf . Dõnus Laurẽciꝰ Suarii ꝯf . Dõnus
996 1250 1496 1289 Ihns Fnandiz ꝯf . Dõnus Fnandꝰ Fnandiz ꝯf . Dõnus Gil
994 1273 1495 1317 Valasquiz ꝯf . Dõnus Go Suarii ꝯf . Dõnus Rodicus Mdi
999 1302 1492 1344 ꝯf . Dõnus Ponciꝰ Alfonsi ꝯf . Dõnus Lopꝰ Alfonsi ꝯf . Ma
994 1334 1491 1373 gist Plagius cantor Port ts . Petrꝰ Garsie ts . Vincẽ
996 1363 1486 1407 cius Mdiz ts . Martinus Peti ts . Ihns Plgii ts . Petrus
996 1387 1072 1439 Peti ts .
