1307 1823
72 206 1103 293 essas escpturas ⁊ daquellas q achardes q ao dcto concelho ptrencem
65 289 1105 357 dade lhs o tllado dllas en ppca forma. V all nom façads . Fcto ẽ nas
66 351 1112 431 Gualueas, doze dias de Janeiro. Go Caldeira o fez, era IIII.ᶜ R.ᵃ IX.ᵃ anos .
68 424 1117 499 O quall aluara asi mostrado o dcto contador fez buscar as sctu
67 499 1128 570 ras do dcto senhor ant as qees foy achado no almario dos foraees
70 569 1144 653 huũ liuo de pugamjnho de cubturas de coiro ptas o quall se comecã
72 646 1129 727 no pmeiro forall, no forall de Palmella no quall liuo se contẽ hũu
88 719 1137 804 forall da cidade da Guarda q tall h . ¶ In nomine pats ⁊ filii ⁊
88 793 1140 869 spus sancti, aamẽ . Hec est ca de foro quam iussi fieri ego Sanciꝰ
73 859 1145 944 Dei gracia Porta rex una cũ filio meo rrege Dono Alfonso ⁊ cetis
75 919 1148 1020 filiis ⁊ filiabꝰ meis ub populatoribꝰ de ciuitate Aguarda tam pse
74 991 1147 1077 ntibꝰ quã futuris. In pmis ꝯcedimꝰ ub ut nom detis p homicidio
78 1066 1149 1153 ni CCC sl ĩ apreciadura ⁊ de istis CCC sl detis VII.ᵃ ad palacium
71 1131 1160 1212 per ꝯcilium ⁊ p manũ iudicis. Et ĩ alico pacto ub uel ĩ alica calupia
67 1194 1170 1284 nom intret meꝰ meirinꝰ ni iudex de uro ꝯcilio . Et tcia paas de uro ꝯcilio
65 1261 1181 1346 faciat fosadum ⁊ alie due partes stent ĩ ura ciuitate. ⁊ de illa tcia que
65 1337 1167 1419 debuit face fosadum, ille qui ibi nõ fuit petet pro fosadeira V sl ĩ ap
66 1400 1166 1485 ciadura . ⁊ nõ faciatis fosatũ ni cũ dno uro una uice ĩ ano, ni fuit p
65 1460 1182 1553 bnplacitũ urum . Et clici ⁊ pedones nõ faciant fosatũ . Et nõ intret ibi
