1307 1823
144 202 1181 269 nuncium nq manaria de alico hominẽ de Aguada . Et qui ĩ tmi
150 277 1180 338 no de Aguarda filiam alienã rrapuit cont suã uollũtatẽ pectet ad
144 345 1181 416 palacium CCC sl ⁊ exeat pro homicida. Et si aliquis int uos ĩ m
150 419 1177 481 cato aut ĩ eclia aut ĩ ꝯcilio appgonato pcusit suũ uicinũ petet
145 484 1173 569 sesaginta sl ad ꝯciliũ ⁊ sit inde VII.ᵃ ad palacm p manuũ iudicis.
154 556 1196 619 Et de quol furto dominꝰ furti rreccipiat suũ cabum ⁊ alias octo
164 621 1217 693 partes diuidat cũ iudice p mediũ . Et ille qui domũ fecit aut uineã
161 692 1219 764 aut suã heditatem honorauit ⁊ uno ano ĩ illa sedit , si posteã
159 758 1203 832 ĩ alia trra habitarẽ uoluit , suiat ei tota suã heditas bubicq
163 825 1201 894 habitauit . Et si uoluit illas uende uendat cui uolluit p forũ
163 894 1211 960 de ura ciuitate. Et homines de Guada qui debuit haberẽ iudicium aut
167 957 1189 1024 iunctã cũ hominibꝰ de aliis trris , habeant illud ĩ capite suos tmi
170 1023 1216 1098 nor . Damus ub pro foro q milles de Aguarda stet pro infancione
168 1098 1217 1179 de toto meo rregno ĩ iudicio ⁊ in iuramto ⁊ uĩcat ipm cũ II iura
175 1160 1223 1230 toribꝰ . Et pedes de Aguada stet pro militẽ uillano de totis trris
177 1241 1216 1309 meis in iudicio ⁊ in iuramto ⁊ uĩcat cũ duobꝰ iuratoribꝰ . Et
177 1304 1218 1372 homines qui de suis exierĩt cũ homicidio aut cũ mulierẽ
172 1378 1243 1444 rrausata ul cũ alia quali calupnia , excepto q nõ ducat muli
172 1442 1252 1531 erem alienã ⁊ fecit se uassallum de alico hominẽ de Aguarda
