1311 1826
88 195 1108 326 sit liber ⁊ defensus p for de Aguarda. Et si homo de alica trra
95 289 1100 366 qualibet trra uenit cũ inimicitia aut cũ pignorẽ , posqa ĩ tmi
101 354 1097 439 no de Aguada intuit si inimicꝰ eiꝰ post ipm introierit ⁊ ei
108 410 1103 514 pignus abstulit aut aliquod mallũ illi fecit pectet domi
111 484 1116 569 no qui tenuit Aguardam D sl ⁊ duplet pignus ei cui
112 545 1113 636 abstulit ⁊ liuores quos fecerit. Et qui hoiem de Aguada
117 628 1111 707 pignorauit ⁊ antea nõ pecierit ad directũ ĩ ꝯcilio uro
109 675 1129 793 petet ad palacm LX.ᵃ sl ⁊ duplet pignorã illi cui accepit . ⁊
114 762 1141 850 homo de alia trra qui militem de Aguarda descaualgar
121 830 1142 936 pectet LX.ᵃ sl . Et homo de Aguarda qui militẽ de Aguarda
117 905 1139 996 alia trra descaualgar pectet V sl . Et si homo de allia
112 992 1139 1066 terra apnderit hoiem de Aguarda ⁊ eũ in prisionẽ misit , pectet
113 1063 1149 1143 CCC sl . Et si homo de Aguada apnderit hoiem de alia terra,
102 1148 1136 1210 pectet V sl . Et si homo de Aguada p alica fiaduria p medium
102 1230 1145 1289 annũ nõ fuit rrequisitus sit liber de illa. Et si motuus fuit
101 1305 1145 1368 mulier ⁊ filii eiꝰ sint liberi de illa. Et homines de Aguada
97 1388 1158 1443 nom soluant pignora pro domino de Aguarda usq p meiriõ
97 1461 1173 1531 neq sint pignorati ni pro suo vicino. Et milites de Aguarda
