1312 1826
211 184 1205 247 neq mulieres uidue nom dent pousatã p for de Aguarda
218 265 1199 344 ni pedones p manũ de iudice. Et homines de meis tminis
219 336 1184 436 qui sederit ĩ uris hditatibꝰ aut ĩ uros ssolares et dni
222 422 1191 499 eor nom fuint ibi ueniant ad signũ de iudicẽ ⁊ de uel
237 500 1213 571 fideiusores q rrespondeant ad directũ quãdo uenerĩt dni
216 567 1206 657 sui. Et si fecerĩt calupniã pectẽt illam dnis suis ⁊ VII.ᵃ ad
219 658 1215 731 pallacu . Et nõ suiant ad alium hoie ni ad dnos ssuos
214 725 1229 815 ĩ quor sollare sedint . Et senaree ⁊ uinee dni rregis habeant
218 809 1235 883 tallẽ for qualle senaree ⁊ uinee ure habuint . Et q uicinũ
219 870 1229 958 ssuũ occidit et ĩ domũ suã fugit qui post illũ ĩtrouint
227 963 1208 1033 et ibi eũ mactauit pectet CCC sl . Et qui mulierẽ afocia
232 1041 1228 1106 uerit ⁊ illa uoces mitendo uenit , si ipe cũ XII nõ potuit
216 1097 1222 1199 se saluarẽ , pectet CCC sl . Et qui mulierẽ alienã pcusit
229 1173 1232 1264 pectet ad suũ maritũ XXX sl ⁊ VII.ᵃ ad palacu . Et homo de
237 1256 1233 1335 Aguarda qui fideiussores dare uolluit p intẽcioe de qa eum
231 1333 1238 1413 inquietauit ⁊ dedit duos hoies fideiusores ⁊ ipe sit tcius ,
228 1399 1238 1500 si ille qui eũ inquietauit nolluit rrecipe fideiusores ⁊ eũ
245 1480 1245 1575 postea mactauit totũ ꝯciliũ pectet homicidiũ ssuis parẽ
