1303 1831
178 212 1116 340 . Et pallaciũ dni rreg ⁊ pallaciũ epi habeant calupniã
91 306 1114 396 et tota ciuitas habeat unũ for . Et homo de Aguada qui fideiusso
93 371 1116 475 intrauit si ꝯtentor eũ nõ liberauit qualẽ fiadoria fecit tallẽ
102 446 1113 538 pectet. Et si habuit illũ suũ intentorẽ mittat illũ p sse ⁊ ipe
98 522 1132 621 exeat de fiadoria. Et de suspctura de X sl ⁊ sup iuret cũ duobꝰ
100 591 1134 686 de suis uicinis, ⁊ de X sl ad minꝰ iuret cũ uno uicino qlem huit .
106 660 1128 752 Et homo de Aguada qui se tonauit ad aliũ dnm ut ei bnfaciat
111 745 1128 841 sua cassa ⁊ sua hditas uxor sua ⁊ filii sui sint liberi p forũ
109 825 1127 901 de Aguarda. Damꝰ etiã ub p for ut nõ habeat aliũ dnm
105 897 1115 980 ni nos rreges ⁊ filios nros ⁊ qẽ ꝯciliũ uolluit . Et homo de
112 973 1116 1056 Aguarda qui fuit exhdatꝰ ⁊ p manũ suã nõ pctauit suã hdi
108 1054 1107 1129 tatem uadat illã acipe sine aliq calupnia. Et totus homo de
107 1132 1118 1212 Aguarda qui habuerit hditatẽ ĩn alia trra nõ faciãt fossatũ
106 1219 1113 1283 ni p for de Aguarda. Et homo de Aguarda qui habuit mulierem
107 1297 1116 1366 ad bndicoem , si eam laxauit , pectet I d ad iudicẽ . ⁊ si mulier la
115 1365 1122 1436 xauit suũ maritũ quã habuit ad bnones , pectet CCC sl , media
115 1442 1134 1500 tatẽ ad pallacu ⁊ mediatatẽ ad suũ uicinũ . Et q disruupit casã
121 1510 1126 1581 cũ lanceis scut , de lla porta adento , pectet CCC sl , mdiatatẽ
