1304 1831
210 195 1108 286 ad dnm de ipa cassa et aliã mediatatẽ ad pallacm . Et si
198 273 1123 366 pcusit suũ uicinũ cũ spata, pectet XL sl , VII.ᵃ ad palaciũ .
203 356 1129 422 Et qui pcusit suũ uicinũ cũ lancea ⁊ exierit de una parte
211 432 1134 503 ad aliam pectet XX.ᵗⁱ sl ⁊ VII.ᵃ ad pallacim . Et si nõ exierit ad
210 514 1125 581 alliam patem pect X sl ⁊ VII.ᵃ ad pallacim . ⁊ de plaga unde
223 595 1129 663 ossa exierint, pro unoqoq osso pect X sl , VII.ᵃ ad palaciũ .
217 666 1148 741 ⁊ de allia pllaga V sl ⁊ VII.ᵃ ad pallacm . Et p tota pignora
209 730 1143 839 siue sint de ꝯcilio siue de pallacio rrecipiant fideiusorem p
214 821 1162 895 ad for . Et concedimꝰ ub q nõ habeatis defesam ne mõtem
212 883 1184 991 ne pellagum ni de toto ꝯcilio . Et montadigũ de stmo de Agda
224 965 1172 1049 acipiant illud millites de Guarda cũ domino ssuo ⁊ habeant
231 1049 1217 1125 inde tciam patem . Et nllꝰ acipiat montadigũ de ganatis
229 1118 1194 1217 de Aguarda. Et de carga de portatico de pedone III mllias , ⁊
229 1204 1195 1281 de cauallo I sl , de mullo I sl , ⁊ de asino ⁊ de boue VI d . Et de
230 1291 1216 1360 toto potatico q uenit ad Guadam , hospes ui pausauit acipiat
230 1362 1210 1431 tciam patem ⁊ portariꝰ acipiat duas pates . Totas istas ĩtẽtones
225 1419 1221 1504 iudicent alcaides de uilla ura p suã catam . Et alias ĩtencoes
219 1484 1209 1591 iudicẽt sedm sensum suũ sicut meliꝰ potuit . Et homines de
