1305 1831
119 218 1092 320 Aguarda non dent potaticũ ĩ toto ntro rregno. Fcta fuit hc
119 292 1097 396 cta apud Colinbriã V.ᵒ kls Decenbris era M.ᵃ CC.ᵃ XXX.ᵃ VII.ᵃ
122 384 1075 464 ano rregni nri XIIII.ᵒ . Nos rreges qui hanc ctam fieri pce
134 455 1094 525 pimꝰ cor subscptis eã rroborauimꝰ ⁊ ĩ ea hec signa feci
130 533 1087 610 mꝰ ++++++. Qicumq gi hc nrum fctm ub integm obsuauit
134 607 1103 685 sit beneditꝰ a Deo, amẽ . Et totꝰ uicinꝰ de Aguada nõ rrespõ
131 682 1079 775 deat sine rrancosso . Q Isti sunt tmini quos rex Dõnꝰ San
152 768 1090 830 ciꝰ ꝯcessit ciuitati de Aguarda. In pimo de Coa p portum
145 827 1124 920 de Auazill ⁊ p portũ uetꝰ de Pega. De pate de Cellorico p potũ
141 910 1115 991 de Corregio ⁊ p Lunbum Vellũ ⁊ p fontẽ de Salgueira ⁊ p int
146 980 1126 1044 anbas fontes de Couadoudi in directũ ad Montadegum ui dns
154 1054 1121 1121 rex posuit cũ sua manu petras. De parte de Linares p Monde
146 1121 1134 1211 gũ ⁊ p albgariã de Mondego ⁊ p carreirani ueliã que uadit
148 1197 1111 1280 p Couelianã ⁊ Barrellas cũ toto suo tmino comodo sptit
154 1280 1138 1365 cũ Valeias pello Peso ⁊ pllo semedeiro d’Amo ⁊ colmeall
164 1356 1131 1441 d’Auteiro ⁊ p so as mestas das Texeiras. ⁊ p Couelianã p
170 1415 1124 1522 cast de Figueira ⁊ plla cabeça d’Opa, ⁊ pllo peego do
183 1492 1156 1580 carro ⁊ pllas quebradas da Meimoa ⁊ plla arrancada de
