1532 2002
742 1220 1350 1266 n nne sce ⁊ inuidue trinitatis patis ⁊ filii ⁊ spu sci uniꝰ sumi Di
739 1250 1337 1292 facimꝰ istam cartulam in ipiꝰ nne tnitatis . Ego rex Sanciꝰ Port ,
739 1276 1341 1319 una parit cũ filiis mis qi exierũt ex nb , ub hoies de Gaudela
740 1303 1352 1345 qi ibidem populatores estis p mandatũ mm , siue qi uenĩt ad
737 1327 1341 1371 pplandũ , facimꝰ ub cartulam sic ⁊ fecimꝰ p scipturam ⁊ p pceptũ
738 1358 1346 1405 nrm ut firmit teneatis ⁊ habeatis foro bono sic habẽt alios
740 1386 1349 1432 hoines cũ meliores foros. ⁊ nõ detis mi ne pgenie mee nc ullo
739 1420 1340 1462 hoini p homicidio ni septimũ adpciadura p ꝯcilio ⁊ p manũ
737 1450 1358 1489 de iudice ⁊ nllo pecto nc ulla calupnia nõ ĩtret ibi, nc mo mari
739 1469 1328 1511 no ni iudice d uro cõcilio . ⁊ faciatis fossado illa una pars ⁊ las
735 1499 1355 1540 duas partes stẽt ĩ illa uilla. Et de illa una pars qi habuit ad ire ĩ fo
734 1525 1340 1571 ssado ⁊ nõ fuit qomo det ĩ fossadeira V sl ĩ adpciadura . Et nõ faciatis
735 1556 1326 1598 fossadũ cũ uro seniore ni una uice ĩ anno aut si plꝰ ura uolũptas
735 1584 1338 1626 fuit . ⁊ pedones nõ faciãt fossadũ nc clici . ⁊ nõ ĩtret ibi nuncio nec
733 1612 1333 1657 maneria de nllo qo hoie p foro d Gaudela. Et qi ĩ tmino d Gaudela
745 1639 1343 1713 filiã alienã rapuerit ext suã uolũptatẽ pectet ad placiũ CCC sl
