1532 2002
181 88 764 148 ⁊ exeat p omizieiro. Si aliqis int uos ĩ mercado aut
178 128 765 171 in ecclia aut ĩ ꝯcilio a pcon ferido fecit feridam ad suum
178 161 769 203 uicinũ qd pectet LX sl ad ꝯciliũ ⁊ VII.ᵃ ad placiũ p ma
178 186 762 231 nũ de uro iudice. Et de furto qlibet sedeat ibi suus
183 211 757 263 dns colligat suũ cabdal ⁊ de illa calũpnia partiat c
180 238 772 290 iudice p mediũ . Et qi domũ edificauit aut uineas aut
180 266 774 310 suam heditatem honorauit ⁊ uno ãno ĩ illa sedit ⁊ postea
182 296 763 347 ad aliã trm preexit qomo seruiat ei suas heditas ui
180 323 772 364 habitãs fuit . Et si quesierit illas uẽde uendat ad qe
181 354 762 399 uoluit p for de Gaudela. Et hoies de Gaudela ubi ha
181 373 774 425 buĩt iudiciũ ul iunctã cũ hoibꝰ de aliis tris habeãt me
178 407 777 452 dianitũ p suũ captũ de suo tmino . Et dono ub for qd stet
176 435 779 482 caballariꝰ de Gaudela p infancion d totis aliis tris ĩ iudi
181 465 769 508 cio ⁊ ĩ iuramto passẽt sup illos cũ duobꝰ iuratoribꝰ . Et illi
180 492 773 538 pedones d Gaudela qd stẽt ⁊ torciãt sup illos caballarii
180 521 776 567 uillani d totis aliis tris ĩ iudicio ⁊ ĩ iuramẽto , trociãt sup
176 550 787 593 illos cũ duobꝰ iuratoribꝰ . Et oms qi de sua tra exit cũ homi
179 580 775 620 cidio aut cũ muliere rausada ul cũ alia calupnia qlibet
178 605 776 648 sit ni qd nõ aducat mulierẽ alienã , ⁊ tornet se ad seniores
178 633 781 677 de Gaudela, sedeat solutꝰ ⁊ defensus p for d Gaudela. Et
178 660 766 709 si qis homo da qcũq tra cũ inimicitate aut cũ pignore
178 687 774 731 uenit ⁊ in tmino de Gaudela ĩttꝰ fuit , nullꝰ inimicꝰ post
178 716 786 764 illũ intret aut pignora tollat, ul malũ illi faciat, pectet
176 746 782 793 ad seniorẽ de Gaudela qingentos sl ⁊ duplet illa pignora
176 772 768 816 aut illos liuores. Et qi hoines de Gaudela pignoruit ⁊
174 800 774 847 ĩ ꝯcilio nõ pecierit ad directũ , pctet ad seniores d Gaudla
176 827 759 877 LX sl ⁊ duplet illa pignora suo dno . Et oms d alia tra
176 855 765 904 qi caualeirũ de Gaudela descaualgarẽ pctet LX sl . Et ho
176 881 777 928 de Gaudela qi altm descaualgar pctet V sl . Et qi hoies de
175 910 781 958 Gaudela prẽdidit in pisiõ pctet CCC sl . Et si hoies d Gaudla
180 935 769 994 pndĩt aliqe hoiem de alia tra pctet V sl . Et si hoies d Gau
175 967 774 1015 dela p qlibet fiadoria a medio ãno illo nõ reqisit sedeat
174 994 772 1048 solutꝰ . Et si migtꝰ fuit uxor sua ⁊ filii sui sĩt libi . Et nõ
174 1028 773 1077 soluãt hoies d Gaudela pignora p senior nc p maiordomo
173 1054 782 1107 ni p suo uicino. Et nõ dẽt pausadas p for d Gaudela caualei
174 1085 773 1136 ros nc clicꝰ nc uiduas ni pedones p manũ iudicis. Et hoies d
172 1115 776 1157 Gaudela qi suos hoines tenuerĩt ĩ suis heditatibꝰ aut ĩ suis so
173 1144 777 1194 lares ⁊ nõ fuit ibi suꝰ senior ueniãt ad sinal d iudice ⁊ dẽt
172 1172 785 1222 fiador ad uenida d suo seniore ⁊ faciãt qe mãdarẽt ⁊ calũpnia
173 1200 777 1251 qlibet fecĩt sĩt d suo senior ⁊ VII.ᵃ pars ad placiũ ⁊ nõ suiat
170 1227 782 1279 ad aliũ hominẽ ni ad suũ dnm ĩ cuiꝰ solar sedit . Et sua senara
173 1257 776 1303 aut sua uinea de illo rege Sancio tale pecto habeat qle
163 1277 781 1324 d illis pplatoribꝰ . Et qi uicinũ occidit ⁊ ĩ sua casa fugit qi post
175 1307 769 1359 illũ ĩtuit ⁊ ĩ sua casa illũ mactauit pctet CCC sl . Et qi mulie
175 1331 779 1389 rẽ aforciauit ⁊ illa uoces mittẽdo uenit ⁊ ille cũ XII nõ po
174 1359 782 1418 tuit se ĩ dlibe pctet CCC sl . Et qi mulierẽ alienã ferierit pctet
175 1390 774 1444 suo uiro XXX sl ⁊ VII.ᵃ ad placiũ . Et hoies d Gaudela qi fiador
175 1422 774 1469 pararet p qlibet causa pecierĩt ⁊ ille fiador outorgar cũ
175 1450 779 1501 duos hoines cõt illũ et ille nõ qsit collige ⁊ sup ipm cũ mac
175 1475 779 1530 tauit nos toto ꝯcilio ad illũ pctet . Et placiũ d illo rege ⁊ de
175 1502 772 1553 epo habeat calumniã et tota alia uilla uno foro et alio
176 1531 796 1587 placio nõ habeat calũpniã . ⁊ oms d Gaudela qi fiador ĩtrar
179 1562 779 1611 ⁊ entẽtor nõ liuiar ql fiadoria pectar tal. ⁊ si ententor
175 1581 807 1644 habuit mittat illũ ĩ manꝰ ⁊ sic exat d illa fiadoria. ⁊ de sospcta
176 1616 782 1671 X sl a riba feirãt duodecĩ casas a deredor ⁊ iurẽt duo hoies .
174 1642 784 1708 Et de decẽ sl a iuso iure siui outo qle agar qd uicinus sit.
793 88 1353 132 Et toto hoie d Gaudela qi se tornar ad aliũ senior qi illi
791 123 1358 166 bnfecit sua casa ⁊ sua heditas ⁊ uxor sua ⁊ filii sui sĩt
791 151 1350 196 libi ⁊ absoluti p foro d Gaudela. Et dono ub forũ qd nõ
789 185 1346 228 habeatis aliũ seniorẽ ni regẽ au filiũ suũ ad qem uos
789 210 1368 256 concilio qesieritis . Et toto hoie d Gaudela qi deserdadu fuit
792 238 1353 283 ⁊ p sua manu nõ peitar qomo se tornet ad sua heditate
789 265 1361 306 ubi fuit illa sine ulla calũpnia . Et toto hoine d Gaude
788 293 1372 338 la qi heditatẽ habuit ĩ alia tra nõ faciat fossado ni p foro
784 325 1357 358 d Gaudela. ⁊ toto hoie d Gaudela qi habuit mulierẽ ad
788 353 1352 384 bnedictem ⁊ laxauit illam pctet I d ad iudicem. Et si
791 372 1348 412 mulier laxauit suũ maritũ quẽ ad bnditoem pectet
787 390 1368 442 CCC sl mdios ad placiũ ⁊ mdios ad suũ uirũ . Et drote
791 423 1346 472 tela d sua casa cũ lanzas ⁊ scutos d sua porta adẽto pctet
787 453 1360 497 CCC sl mdios ad suo dno ⁊ mdios ad placiũ . Et qi dedit ad
791 481 1368 531 suo uicino cũ speda pctet XL sl ⁊ VII.ᵃ ad placiũ . Et qi de
794 510 1362 559 dit lancada ad suo uicino ⁊ exit d una parte ad aliam
796 535 1363 590 pctet XX sl ⁊ VII.ᵃ ad placiũ . Et si nõ trocierit X sl ⁊ VII.ᵃ
796 566 1361 616 ad placiũ . Et d plaga un osso exit pctet X sl qda osso
795 593 1364 642 ⁊ VII.ᵃ ad placiũ . Et d alia plaga V sl ⁊ VII.ᵃ ad placiũ . Et
796 620 1374 665 p tota pignora siue de cõcilio ul de placio colligat suo fiador
799 649 1370 695 por a foro. Et dono ub qe nõ habeat nllã dfesã nc ullo mõte ,
801 678 1367 718 nc ullo pelaga ni illo d toto cõcilio . ⁊ sũt uellios istos tminos :
792 700 1362 754 Ex una parte qomo esparte cũ Linares ⁊ cũ Felgosino et ex
794 727 1370 777 alia parte qomo exparte cũ Sena. Et ex tcia pte qomo expte
795 755 1372 808 p Mõdego ꝯt Zurara. Et illo montadico del estmo qe mõtẽ
795 786 1366 835 caualeiros d Gaudela cũ suo senior ⁊ pndãt sua tcia . Et
796 813 1369 860 illo mõtadico d ganado d Gaudela nõ sedeat mõtadico . Et
796 841 1372 892 de illa carregadura dent ĩ portadico uno arẽco , et d caua
795 865 1370 918 lo I sl , ⁊ de mulo I sl , ⁊ de asino ul boue VI d . Et toto
796 893 1379 947 portadico qi uenit ad Gaudelã , ui pousada pndit , pndit
789 922 1376 972 sua tcia . Qicũq hãc scpturam ĩfringe uoluit sit exco
798 953 1355 1002 municatꝰ ⁊ dãpnatꝰ ĩ ppetuũ , amẽ .Facta carta sub
794 985 1373 1039 e M.ᵃ CC.ᵃ XX.ᵃ IIII.ᵃ mẽse Fbrio . Ego S. Di gra Port
796 1012 1377 1062 rex qi hãc cartã fi iꝰsi coram testibꝰ roboro eã ⁊ ꝯfimo . Ego
789 1039 1373 1096 D. Di gra reg Port hãc carta roboro ⁊ ꝯf mãdato dni
799 1077 1385 1123 mi regis. Ego regina Dna T. filia dni regis S. ⁊ regi
798 1098 1384 1151 ne Dne D. similit ꝯf . Ego regina Dna S. cor filia simi
795 1126 1376 1178 lit ꝯf . Dõnꝰ V. Fnãdi maiordomꝰ curie ꝯf . Dõnꝰ P. Alfõsi
797 1154 1395 1207 signif dni regis ꝯf . Dõnꝰ P. Fnãdi ꝯf . Dõnꝰ M. Gũsa
798 1184 1395 1235 lui ꝯf . Dõnꝰ G. Bcaren archieps ꝯf . Dõnꝰ M. Port epc ꝯf .
791 1207 1368 1261 Dõnꝰ Io Visen eps ꝯf . Dõnꝰ M. Colĩbien epc ꝯf . Dõnꝰ
794 1234 1368 1285 Io Fnãdi dapif regis ꝯf . Egeas Plagii ꝯf . Reimõdꝰ
792 1257 1380 1317 Mdi ꝯf . Reimõdꝰ Ihnis ꝯf . Alfõsꝰ Suarii ꝯf . Mr Plagii ts .
793 1292 1374 1345 Iulianꝰ notariꝰ curie apd Scarẽ extitur roborata.
782 1311 1380 1369 Ego Alfonsus Di ga . una cũ uxore ma regina Dna Vrraca,
798 1346 1402 1399 ⁊ filiis nris infantibꝰ Dõno S. , ⁊ Dõno Alfõso , ⁊ Dõna Alionor,
799 1372 1385 1426 ꝯcedo ⁊ ꝯfmo ub moratoribꝰ d Gaudela istã cartã sup scptam
802 1401 1387 1454 ⁊ istud for qd ub dedit pat ms rex Dõnꝰ S. . Et ut hoc mm
801 1431 1390 1482 factũ ĩ ppetuũ robur optineat, pcepi fi istam mam car
804 1458 1381 1515 tam ⁊ eã feci mo plũbeo sigillo ꝯmuniri . Facta carta apd
805 1489 1328 1540 Colĩbiam mẽse Nouẽbi sub e M.ᵃ CC.ᵃ L.ᵃ V.ᵃ.
805 1512 1386 1570 Nos supnnti reges qi hãc cartã fi pcepimꝰ corã scptis
809 1546 1383 1591 eam roborauimꝰ , ⁊ ĩ ea h signa fecimꝰ +++++.
811 1569 1385 1623 Qi affuerũt : Dõnꝰ S. Bcarensis archieps ꝯf . Dõnꝰ Martinus
812 1593 1376 1652 Port epc ꝯf . Dõnꝰ P. Colĩbien eps ꝯf . Dõnꝰ S. Vlixbon
815 1619 1414 1693 eps ꝯf . Dõnꝰ S. Elboren eps ꝯf . Dõnꝰ P. Lamecen eps ꝯf .
