1532 2002
692 789 842 830 De Mariaalua
281 815 831 857 n nne sce ⁊ ĩdiuidue tinitatis patis ⁊ filii ⁊ spt sci , uniꝰ
277 840 836 881 sũmi Di facimꝰ istã cartulã ĩ ipiꝰ nne tinitatis . Ego rex
279 869 824 913 Alfonsꝰ Port parit cũ filio mo rege Sancio ⁊ c filiabꝰ
280 897 826 946 mis ub hoibꝰ d Marialua qi ibid pplatores estis p mãdat
281 929 824 976 mm ⁊ d filiis mis siue qi uenĩt ad pplandũ facimꝰ ub
274 960 835 1004 cartulã sic ⁊ fecimꝰ p sciptam ⁊ p pceptũ nrm firmit te
277 987 844 1036 neatis ut habeatis for bonũ sct habt hoies d Trõcoso .
279 1017 831 1062 Et nõ detis mi neq ad pgeniẽ mam nc ad aliqem hoiem
279 1049 835 1093 p homicidio ni VII.ª ad palaciũ d CCC sl appeciadura
278 1079 832 1124 p ꝯciliũ ⁊ p manũ d iudice. ⁊ nullũ pctũ neq ullã calũ
280 1108 835 1153 niã nõ ĩtet ibi aliqis merinꝰ ni iudex d uro ꝯcilio . Et faci
282 1136 833 1177 ant fossadũ la tcia de los caualeiros ⁊ due partes stẽt in
282 1167 836 1203 Marialua. ⁊ d illa una parte que debuit ire ĩ fossado et
282 1195 836 1232 nõ fuit quomo dẽt ĩ fossadeira V sl ĩ appciadura . Et nõ
279 1216 844 1262 faciãt fossado ni cũ uro senior una uice ĩ ãno aut ura uo
279 1246 843 1284 lũtas fuit . Et peones nõ faciãt fossado nec clici . Et nõ
280 1270 835 1312 ĩtret ibi nũcio nec manaria d nulloqo hoie p foro d Ma
282 1297 846 1343 rialua. Et qi ĩ tmino d Mariaalua filiã alienã rousar
287 1336 846 1379 ext sua uolũtate qomo pctet a palacio CCC sl ⁊ exeat o
278 1359 846 1404 mezieiro d suos parẽtes . Si qis aliqis ĩt uos ĩ mcato aut
287 1393 846 1436 ĩ ecc uel ĩ ꝯcilio plecato a pcõ fida fezer a suo uicino pc
282 1423 846 1464 tet LX.ª sl a cõcilio ⁊ VII.ª a palacio p manu de iudice. Et
282 1448 846 1493 d furto qlibet sedeat colligat suꝰ dns suũ cabdal. ⁊ illam
283 1481 849 1523 aliã calũpniã parciat cũ iudice p mediũ . Et qi domũ
283 1506 849 1548 hedificauit aut uineas aut suã heditatẽ honorauerit
284 1537 842 1578 ⁊ uno ãno ĩ illa sedit ⁊ postea ad aliã tram iuit qomo s
285 1563 849 1606 uiat illi tota sua heditas ui ille habitãs fuit . Et si quesi
289 1591 844 1630 erit illas uẽde uẽdat cui uoluit p for d Marialua. Et
283 1629 856 1686 hoies d Marialua qi habuint iudiciũ uel aiunctã c hoibꝰ
847 46 1388 100 de aliis tris hant illos ĩ cabos d suis tminis . Et dono ub
839 85 1399 126 for qd stet caballariꝰ de Marialua p ĩfanzõ d totis aliis tris
837 115 1393 155 siue ĩ iuramto siue ĩ iudicio ⁊ passẽt sup illos cũ duobꝰ
842 143 1401 186 iuratoribꝰ . Et illos pedones d Marialua q passẽt sup illos
839 175 1402 215 caballarii uillani d totis aliis tris ĩ iudicio ⁊ ĩ iuramẽto
838 203 1406 244 c duobꝰ iuratoribꝰ . Et hoies qi d suis tris exierĩt cũ homici
842 234 1412 266 dio aut cũ muliere raussata uel cũ alia calupnia qlibet
842 258 1395 299 sit ni qd adducat mulierẽ alienã d bndcoe ⁊ tornet se
844 290 1405 329 ad seniorẽ d Marialua ⁊ sit solutꝰ ⁊ dfensꝰ p for d Marial
846 316 1409 349 ua. Et si aliqis homo d qcũq tra cũ inimicitate aut cũ
849 341 1408 382 pignore uenit ⁊ ĩ tminũ d Marialua intuerit ⁊ aliqis
845 370 1410 414 inimicꝰ pꝰ illũ ĩtuit ⁊ ei pignora tollit aut male illi fecit
851 400 1417 441 qomo pectet ad seniorẽ d Marialua D sl ⁊ duplet illa pig
847 431 1418 471 nora aut illos liuores. Et qi hoies d Marialua pignorauit
846 458 1424 501 ⁊ ĩ cõcilio nõ pecierit directũ qomo pctet ad seniorẽ d Mari
845 487 1412 522 alua LX.ª sl ⁊ duplet illa pignora ad suũ dnm . Et homo
848 513 1410 553 d alia tra qi caballariũ d Marialua descaualgauit qomo
847 538 1410 587 pectet illi LX.ª sl . Et qi hoies d Marialua pendidit ⁊ ĩ pisi
847 570 1420 605 onẽ illos misit qomo pectet illis V sl . Et si hoiem d Maria
850 604 1405 633 alua p qlib⁊ fiadoria a medio anno nõ reqisierit qd sit
849 622 1415 658 solutus. Et si mortuꝰ fuit sĩt filii ⁊ uxor eiꝰ libi . Et nõ sol
849 650 1416 689 uãt hoies d Marialua pignora p seniore neq p merino
851 675 1412 719 ni p suo uicino. Et nõ donẽt pausadã p for d Marialua
849 700 1420 746 ĩ casa de caualeiro neq d uidua neq d clicis ni p manũ
848 737 1411 777 d iudice ĩ casa d pedonibꝰ . Et hoies d Marialua qi hoies
851 761 1419 799 tenuĩt ĩ suis heditatibꝰ aut ĩ suis solaribꝰ ⁊ nõ fuit ibi
852 789 1418 832 suꝰ senior ueniat ad sinal d iudice ⁊ det fiador ad ueni
849 819 1419 860 dã de suo senior ⁊ faciat qd mãdauerĩt . ⁊ calũpnia qm
849 849 1412 886 libet fecit sit d suo seniore ⁊ VII.ª ad pal . ⁊ n suiat ad
854 874 1419 919 aliqem hoiem ni ad seniorẽ ĩ cuiꝰ solare sedit . Et senare
853 905 1415 949 aut uinee dni regis tale cautũ hant sic d uicinis d Ma
855 937 1418 980 rialua. Et qi uicinũ occidit ⁊ ĩ sua casa fugit , qi pꝰ illũ ĩt
846 965 1435 1008 uit ⁊ ĩ sua casa illũ mactauit pctet CCC sl ad parẽtes
851 994 1428 1034 d mortuo. Et qi mulierẽ afforciauit ⁊ illa uoces mittẽdo
852 1021 1420 1069 uenit ⁊ ipe cũ XII nõ potuit se saluare pctet CCC sl
851 1054 1428 1094 mulieri aut suis parẽtibꝰ . Et qi mulierẽ alienã feriuit
858 1083 1425 1127 pectet sua marito XXX.ª sl ⁊ VII ad pal . Et hoies d Mari
853 1112 1411 1158 alua qi fiadores parar p q calũpnia illũ pecierĩt ⁊ el
854 1148 1421 1187 fiador outorgar cũ duos uicinos ⁊ ille nõ quesierit col
860 1173 1412 1212 lige fiador ⁊ sup ipm occidit nos toto ꝯcilio pectabimꝰ
860 1198 1422 1235 ipm homicidiũ . Et palacio regis ul epo hant calũpniã
855 1223 1422 1264 ⁊ tota alia uilla hat uno foro, ⁊ alio palacio nõ hant calũp
856 1251 1425 1286 niã . Et hoies d Marialua qi fiador ĩtrar ⁊ ꝯtentor nõ ha
857 1276 1424 1323 buit qle fiaduria fiar tale pectet. Et si ꝯtẽtor habuit
859 1302 1415 1348 mittat illũ ĩ manꝰ ⁊ exeat de illa fiaduria. Et de sospecta
859 1334 1415 1379 d X sl ariba cognominet XII uicinos ĩ redor sua casa
859 1366 1423 1411 ⁊ iuret cũ los dous ⁊ exeat de la calũpnia . ⁊ d X sl ad iuso
859 1393 1448 1441 iure siue ⁊ outo qles aflar qi uicinos sedeãt . Et toto hoie
859 1426 1426 1464 d Marialba qi se tornar ad aliũ seniorẽ qi benefecit suas
859 1451 1428 1494 casas ⁊ suas heditates ⁊ uxor sua ⁊ filii sui sĩt libi ⁊ soluti
859 1478 1430 1528 p foro d Marialua. Et dono ub for q nõ habeatis aliũ senio
864 1513 1430 1553 rẽ ni ad regẽ aut suo filio aut qi uos ꝯcilio quesieritis.
858 1538 1436 1578 Et toto hoie d Marialua qi deserdado fuit ⁊ p sua manu nõ lo
861 1563 1431 1608 pectare qomo se torne ad sua heditate ui illa fuit sn calũp
862 1591 1455 1641 nia . Et toto hoie d Marialua qi habuit mulierẽ ad bndcoem
862 1624 1428 1688 ⁊ laxauit illã qomo pctet ad iudice unũ d . Et si mulier ad
