1532 2002
151 40 715 85 qi heditatẽ habuit nõ faciãt fossado ni p foro d Marialua.
150 70 692 115 Et toto hoie d Marialua qi habuit mulier ad bndcoem
153 93 697 136 ⁊ laxauit illã qomo pctet ad iudice I d . Et si mulier suũ
150 118 704 166 maritũ laxauit qi habuit ad bndcoem qomo pctet CCC sl
150 151 692 191 medios a palacio ⁊ mdios a suo marito. Et d casa derota
151 176 694 220 cũ scutos ⁊ cũ lãzas , qi la dirũpe pctet CCC sl medios
148 206 700 245 a dono d la casa ⁊ mdios a pal . Et qi dedit ad suo uicino cũ
150 235 699 276 espada XL sl ⁊ VII.ª a pal . Et qi dedit cũ lãza ad suo ui
146 263 710 313 cino ⁊ exierit d una pars ad alia pctet XX.ᵗⁱ sl ⁊ VII.ª a pal .
146 288 699 337 Et si nõ exierit pectet X sl ⁊ VII.ª a pal . Et d plaga un
146 320 707 362 osso exierit cada osso X sl ⁊ VII a palaco . Et d alia plaga
146 347 697 387 V sl ⁊ VII a pal . ⁊ p tota pignora siue d cõcilio l d pal
149 375 703 420 colligat fiador sup illa pignora ⁊ pro a fforo. Et dono ub
151 407 697 445 q nõ habeat nulla defesa nec nullo mõte nc nllo pelago
151 435 697 473 ni d toto ꝯcilio . Et illo mõtatico d tmino d Marialua mõ
143 463 702 503 tẽ los caualeiros d Marialua cũ suo senior ⁊ pndãt in la t
141 490 710 538 ciã . ⁊ nullo ganato d Marialua nõ sedeat mõtado . Et por
141 520 710 560 tatico d pam ⁊ d uino, d la carrega III meaias ⁊ de cauallo
146 553 706 592 ⁊ d mulo qi lo uẽdidit I sl . ⁊ d boue ⁊ d asino VI d . De
141 575 710 615 carneiro aut d cap aut d porco III meal . Et d toto por
143 601 706 650 tatico qi a Marialua uenit pndat suus hospes rciã .
140 633 717 694 Ego A Di g Port rex, una cũ uxore ma reg Dna Vrraca
141 675 705 724 ⁊ filiis mis infantibꝰ Dno Sancio ⁊ Dõno Alfonso ⁊ Dõna
140 710 705 757 Alionor, istã cartã supsciptã ⁊ istud for qd ub dedit ⁊ ꝯ
140 740 707 780 ssecit auꝰ ms rex Dõnꝰ Alfõsꝰ excellẽtissime memorie, ꝯcedo
143 772 712 812 ego ub ⁊ ꝯfirmo p hoc sciptũ . Et ut ma ꝯcessio ⁊ ꝯfrimato
138 799 712 840 ĩ ppetuũ firmũ robur obtineat, pcepi hãc cartã scribi ⁊ sigi
140 825 706 868 llo mo plũbeo ꝯmuniri . Facta fuit carta apd Colĩbia , mẽse No
136 849 580 899 uenbis ĩ e M.ᵃ CC.ᵃ L.ᵃ V.ᵃ. Et ego ⁊ uxor ma ⁊ filii nri
