1624 2202
825 390 1071 431 Carta de Troncosum
737 419 1227 457 n nne sce ⁊ ĩdiuidue tinitatis patis ⁊ f. ⁊ s. s. unius
731 442 1229 490 sũmi Di facimus istam cartam ĩ ipiꝰ nne tinitatis . Ego
733 475 1225 516 rex A. Port parit cum filio mo rege Sancio ⁊ cum
731 507 1236 554 filias mas ub homines de Troncosum qi ibidẽ pplato
731 535 1233 579 res estis p mandatum mm ⁊ de filiis mis siue qi uene
734 570 1222 609 rint ad pplandam facimus ub cartam sicut ⁊ fecimus
735 595 1228 638 p scipturam ⁊ p pceptum nrm firmit teneatis ut ha
735 625 1239 664 beatis foro bono sicut habent homines de Salamanca.
736 648 1223 692 ⁊ nõ detis mi neq ad pgenie mee neq ad nullo hoie
736 680 1229 725 p homicidio ni VII.ᵃ ad palacium de CCC sl apciadura
736 710 1239 752 p ꝯcilio ⁊ p manum de iudice. ⁊ nullo pecto nc ulla ca
737 736 1244 774 lũpnia nõ intret ibi nullo meirino, ni iudice de ꝯcilio .
739 763 1243 802 Et faciant fossatum la tcia de los caualeiros ⁊ las duas
737 792 1242 834 partes stent in Trõcosum . Et de illa una pars qi habuint
737 817 1240 863 aa dar in fossato ⁊ nõ fuint , qomo det ĩ fossadeira V sl
737 848 1240 893 ĩ apciadura . Et nõ faciant fossado ni cum nro senior
737 874 1232 916 una uice ĩ anno, aut ura uoluntas fuit . Et peones
737 899 1238 943 nõ faciant fossado nc clicis . ⁊ nõ intret ibi nũcio nc ma
737 924 1240 970 naria de nullo qo homine p foro de Troncoso. Et qi ĩ tmi
735 950 1227 1000 no filia aliena rausar ext sua uoluntate, qomo pectet
737 979 1247 1026 ad plac CCC sl ⁊ exeat homizeiro d suos parentes. Si qis
737 1005 1244 1055 aliqis int uos ĩ mcato aut ĩ ecc aut ĩ ꝯcilio plecato a p
740 1038 1244 1087 gõ ferida fecit a suo uicino, pectet X sl ad ꝯcilio ⁊ VII.ᵃ
740 1067 1247 1116 ad palacio, p manu de iudice. Et de furto qlibet sede
739 1098 1258 1148 at, qe colligat suo dõno suo cabdal ⁊ de illa calũpnia par
740 1130 1242 1175 tat cũ iudice p medio. Et qi domũ hedificauit aut ui
741 1157 1237 1196 neas aut heditate sua honorauit ⁊ uno ãno ĩ illa se
740 1184 1238 1231 dit , ⁊ postea ad alia tra fuit , qomo seruiat illi tota sua
740 1213 1243 1260 heditate ubi illi habitantes fuint . Et si qesierit illas
740 1242 1251 1289 uende uendat ad qe uoluit p foro de Troncoso. Et hoies
741 1275 1248 1315 de Troncoso qi habuint iudicio ul aiunta cũ homines
741 1299 1243 1337 de alias tras , habeant illos ĩ cabos de suos tminos . Et
742 1326 1239 1371 dono ub foro q stet caualeiro de Troncosum p ĩfãciõ
744 1351 1247 1394 de totas alias tras siue ĩ iuramto qomo ĩ iudicio, ⁊ pass⁊
746 1384 1242 1422 sup illos cum duos iuratores. Et homines qi de suas
744 1405 1249 1449 tras exierĩt cum homicidio aut cum muliere rausada
744 1430 1247 1476 ul cum alia calumpnia qlibet sedeat, ni qi nõ aducat m
745 1459 1245 1501 mulier aliena de bndictoe , ⁊ tornet se a senior d Trõco
744 1491 1240 1532 so , ⁊ sedeat solto ⁊ defeso p foro de Troncoso. Et si aliqis
744 1514 1237 1562 homines de qcũq tra c inimicicia aut cum pignora
746 1540 1247 1594 uenit ⁊ ĩ tmino de Tronco intratũ fuit ⁊ nullꝰ inimicꝰ
747 1575 1239 1620 pꝰ illum intraret ⁊ pigna tollerit aut male illi fecit ,
748 1601 1237 1647 qomo pectet a senior de Trõcoso D sl ⁊ duplet illa pigno
745 1630 1239 1679 ra aut illos liuores. Et qi homines de Troncoso pigno
748 1653 1243 1705 rauit ⁊ ĩ ꝯcilio nõ pecierit directo qomo pectet a senior
748 1684 1253 1733 de Troncosum LX sl ⁊ duplet illa pignora a suo dno .
745 1712 1244 1773 Et homines de alias tras qi caualeiro de Troncosum
