1624 2202
392 137 883 189 descaualgar, qomo pectet illi LX sl . Et homines de Trõco
391 171 877 222 sum qi los psiere ⁊ ĩ psion illos misit , qomo pectẽt illi
391 205 886 250 CCC sl . Et si homines de Trõcosum p qlibet fiaduria a
391 238 886 282 medio anno illo nõ requisierit, qe sedeat solto. Et si mi
391 261 887 314 gtum fuit , sint filii ⁊ uxor sua libi . Et nõ soluant ho
390 294 877 335 mines de Troncosum pignora p senior nc p meirino ni
390 319 881 367 p suo uicino. Et nõ donẽt pausatam p foro de Toncosũ
389 342 872 393 ĩ casa de caualeiro, nc de uiuuas, nc de clicos , ni p manu
390 373 876 423 de iudice ĩ casa de peones. ⁊ homines de Troncosũ qi ho
390 398 877 451 mines tenuĩt in suas heditates aut ĩ suos solares ⁊
387 431 882 481 nõ fuit ibi suo senior, ueniat ad sinal de iudice ⁊ det
385 459 875 510 fiador a uenida de suo senior ⁊ faciat qd mandarent.
385 485 873 539 Ĩ calumpnia qlibet fecit sedeat de suo senior ⁊ VII.ᵃ
385 521 873 572 ad palaciũ . ⁊ nõ seruiat a nullo homine ni a suo se
381 548 868 601 nior, ĩ cꝰ solar souer. Et sua senara aut suas uineas
383 582 876 627 del rei tal cauto hant qomo de uicino d Troncosum. Et
379 605 881 660 qi uicinum occidit ⁊ ĩ sua casa fugierit, qi pꝰ illũ ĩtret
379 637 882 687 ⁊ in sua casa lo matare, pectet CCC sl ad parentes mor
378 666 868 721 tui. Et qi mulier aforciauit ⁊ illa uoces mittendo ue
376 696 867 748 nit , ⁊ illa cum duodecim nõ potuit se saluare, pectet
375 726 870 774 CCC sl a la mulier ⁊ ad suos parentes. Et qi mulier
375 753 878 800 alienam feriret pctet ad suo marito XXX sl ⁊ VII.ᵃ ad
375 782 867 829 plac . Et homines de Troncosum qi fiadores parat p q
375 809 875 860 calũpnia ille pecierit ed el fiador octorg cum duos ui
374 839 867 883 cinos ⁊ ille nõ qesierit collige fiador ⁊ sup ipm occidit
373 862 872 915 nos toto ꝯcilio pectabimꝰ ipm homicidium. Et placio
370 895 877 941 regis de epo hant calumpniam ⁊ tota alia uilla ha
369 916 878 967 beat uno foro ⁊ alio palacio nõ hat calũpnia . Et hoies
370 946 866 998 de Troncosum qi fiador intrar ⁊ ꝯtẽtor nõ habuit qle
369 974 876 1026 fiadoria fiar tale pectet. Et si ꝯtentor habuit mittat
368 1000 868 1054 illum ĩ manꝰ ⁊ exeat de illa fiaduria. ⁊ de suspecta d
365 1031 872 1085 X sl ad riba cognominet XII uicinos ĩ redor sua ca
367 1061 871 1114 sa ⁊ iuret cum duos ⁊ exeat de calumpnia. ⁊ de X
365 1088 873 1143 sl ad iuso iure siue ⁊ outro qles aflar q uicinos sedeãt .
361 1117 867 1176 Et toto homine de Troncoso qi se tornar ad alium
365 1152 857 1202 seniorem qi bnfecit suas casas ⁊ suas heditates ⁊
364 1180 866 1228 uxor sua ⁊ filii sui sint libi ⁊ soluti p foro de Trõcoso .
365 1203 849 1257 Et do ub for qui nõ habeatis alium seniorẽ ni ad
364 1238 860 1286 regem aut a suo filio ad qi uos ꝯcilio qsieritis . Et
362 1266 856 1317 toto homine de Troncoso qi deserdado fuit ⁊ p sua
362 1295 862 1344 manu nõ lu peitar qomo se torne ad sua heditate ui
359 1312 862 1368 illa fuit sine calumpnia. Et toto homine de Trõ
359 1349 865 1394 coso qi heditatem habuit ĩ alia tra nõ faciat fossa
359 1370 870 1419 do ni p forum de Troncoso. Et toto homine de Tron
361 1399 870 1443 coso qi habuit mulier ad bndictoes ⁊ laxauit illã
358 1426 861 1474 qomo pectet ad iudice I d . Et si mulier ad sũũ ma
357 1452 857 1503 ritum laxauit qi habuit ad bndictoem qomo pectet
356 1481 855 1530 CCC sl medios ad palaciũ ⁊ medios ad suo marito.
356 1510 862 1562 Et de casa derota cum escudos ⁊ cum lanceas qi la de
359 1537 861 1590 rõpe pectet CCC sl , medios a dono de la casa ⁊ medios
354 1571 865 1616 ad palacium. Et qi dedit a suo uicino cum spada X sl
357 1594 862 1640 ⁊ VII.ᵃ ad palacium. Et qi dedit cum lancea a suo uici
353 1620 854 1669 no ⁊ exierit de una pte ad alia pectet XXX sl ⁊ VII.ᵃ
352 1653 864 1699 ad palacium. ⁊ si nõ exierit pectet X sl ⁊ VII.ᵃ ad pl .
354 1683 859 1728 Et de plaga und osso exierit cada osso X sl ⁊ VII.ᵃ ad
348 1705 856 1767 palacium. ⁊ de alia plaga V sl ⁊ VII.ᵃ ad palaciũ . Et
939 151 1446 206 p tota pignora siue de cõcilio siue de palacio colligat
941 188 1442 239 fiador sup illa pignora p a foro. Et dono ub q n hat
939 216 1444 271 nulla deuesa nec nullo monte nc nullo pelago ni de
939 247 1441 296 toto ꝯcilio . Et illo montadigo de uicino de Toncosũ
938 278 1441 331 cum suo senior ⁊ pndant ind la tcia . Et nullo gana
938 308 1437 357 to de Trõcosum nõ sedeat montado. Et portadigo de
936 333 1440 384 pã ⁊ de uino de la carga III meal . ⁊ de caualo ⁊ de mu
933 360 1439 412 lo qi lo uendit I sl . Et de boue ⁊ de asino I sl . De car
930 383 1420 444 neiro aut de cap aut de porco III meal . Et de toto
930 412 1436 484 portadigo qi ad Troncosum uenit aphendat suo hos
933 450 1064 484 pite la tcia .
928 474 1425 521 Ego Alfonsus IIꝰ Di gra Port rex, una cum uxo
930 510 1418 546 re ma regina Dna Vrraca, ⁊ filiis nris infantibus
930 534 1430 585 Dõno Sancio ⁊ Dõno Alfonso ⁊ Dõna Alionor, ꝯcedo
930 566 1425 615 ub moratoribꝰ de Troncoso istam cartam ⁊ istud fo
928 594 1433 645 rum qd ub dedit auus ms ĩclite memorie rex dõnus
928 619 1424 672 Alfonsus, ⁊ illud ub ꝯfirmo . Et ut hec firmiꝰ robur
927 653 1433 703 obtineat, pcepi fi istam cartam ⁊ eam feci mo sigil
927 678 1431 732 lo plumbeo ꝯmuniri . Facta fuit hec carta mse Oc
927 710 1415 760 tobr apd Troncosum e M.ᵃ CC.ᵃ L.ᵃ V.ᵃ. Ego rex
928 732 1431 789 sup nnatus ⁊ uxor ma ⁊ filii hanc cartam roboraui
931 769 1434 817 mus, ⁊ ĩ ea hec signa fecimus +++++. Qi affuerũt :
925 795 1423 841 Dõnus Stephanus Bracaren archieps ꝯf . Dõnus
923 824 1425 871 Martinus Port eps ꝯf . Dõnus Petrꝰ Colimbien eps
923 852 1428 899 ꝯf . Dõnus Suariꝰ Vlixbonen eps ꝯf . Dõnus Suariꝰ
923 882 1436 927 Elboren eps ꝯf . Dõnus Plagius Lamecen eps ꝯf . Dõ
923 908 1430 955 nus Bartholoms Visen eps ꝯf . Dõnus Martinus Egita
923 930 1434 981 nien eps ꝯf . Dõnus Martinus Ihnis signifer dni reg
922 963 1424 1008 ꝯf . Dõnus P. Ihnis maiordomus curie ꝯf . Dõnus L.
921 992 1431 1037 Suarii ꝯf . Dõnus Gomeciꝰ Suarii ꝯf . Dõnus Gil Valas
922 1014 1430 1061 quiz ꝯf . Dõnus Ihns Fnandiz ꝯf . Dõnus Fnandꝰ Fnã
921 1044 1426 1092 di ꝯf . Dõnus Rodicus Mdiz ꝯf . Dõnus Ponciꝰ Alfõsi
919 1073 1433 1124 ꝯf . Dõnus Lopꝰ Alfonsi ꝯf . Magr Plagius cantor Port
921 1103 1420 1157 ts . Vincẽciꝰ Mdi ts . Petrꝰ Peti ts . Gunsaluus Mdiz
921 1130 1135 1178 cancellariꝰ curie ꝯf .
