1496 2008
136 72 666 123 n nne sce ⁊ indiuidue tinitatis patis ⁊ filii ⁊ spus
132 104 641 152 sancti am . Ego rex Alfonsꝰ filiꝰ Henrici comitis ⁊ re
134 136 643 190 gina Tharasie, una cum filiis mis rege Sancio
134 168 640 220 ⁊ regina Tharasia ⁊ regina Orracca uolumꝰ res
127 189 644 259 taurare Ablantes atq pplare . Et damꝰ ub forũ ⁊ cus
104 227 649 292 tume de Elbora tam psentibꝰ quã futuris. Vt due
124 265 655 320 partes de caballariis uadant in fossatum ⁊ tcia pars
123 290 647 352 remaneat ĩ castello. Et una uice faciant fossatum
122 316 662 379 in anna. Et qi nõ fuit ad fossatum pectet p foro V sl ,
118 351 650 413 p fosadeira et p homicidio pectet C sl ad palaciũ . ⁊ p casa
116 385 649 440 derrota cũ armis, scutis ⁊ spatis, pectet CCC sl ⁊ VII.ᵃ ad pa
116 416 653 467 lacium. Et qui furtauit pectet p uno nouẽ ⁊ habeat ĩtẽtor
114 445 639 491 duos qiniones ⁊ septẽ partes ad palaciũ . Et qi mulierem
113 472 650 524 afforciauit et illa clamando dicit qd ab illo est afforciata
112 502 635 556 et ille negauit , det illa autorgamtũ de tibꝰ hoibꝰ talibꝰ
112 537 641 587 qualis ille fuit , ille iuret cum XII, et si n habuit autor
110 567 641 615 gamtum iuret ipe solꝰ . Et si n potuerit iurare pectet
110 589 643 645 ad illã CCC sl ⁊ VII.ᵃ ad pal . Et testimonia mtirosa
108 622 653 683 ⁊ fidelis mentirosꝰ pectet LX sl ⁊ VII.ᵃ ad pal et duplet
110 658 643 712 el auer. Et qi in ꝯcilio aut ĩ mcato aut in eccla feruerit,
113 690 639 739 pectet LX sl , medios ad palaciũ ⁊ medios ad ꝯcilium .
109 723 626 766 Et de mdiis de ꝯcilio VII.ᵃ ad palaciũ . Et homo qi fuit
112 748 649 799 gentilis aut hdador qd n sit merinꝰ . Et qi in uilla pig
111 779 653 827 nos afflando ⁊ fiadorẽ ⁊ ad mõtem fuit prẽdar , du
112 808 648 860 plet la pendra ⁊ pectet LX sl ⁊ VII.ᵃ ad palaciũ . Et
110 838 652 891 qui n fuit ad sinal de iudice ⁊ pignos sacudiuit ad sa
111 874 643 921 gion pectet I sl ad iudicẽ . Et qi nõ fuit ad apelidũ
109 900 649 954 caballarii ⁊ pedones exceptis hiis qi sunt in seruicio alieno,
109 932 642 981 miles pectet X sl ⁊ pedon V sl ad uicinos. Et qui
109 964 636 1011 habuit aldeiam ⁊ unũ iugum boum ⁊ X oues ⁊ unum
108 990 641 1038 asinum ⁊ duos lectos ⁊ paret caballũ . Et qui crebantauit
108 1024 639 1068 sinal cum sua muliere pectet I sl ⁊ ad iudicẽ . Et mulier
107 1053 638 1098 que laxauit maritum suũ de benedicoe pectet CCC sl ⁊
108 1084 657 1131 VII.ᵃ ad palaciũ . Et qi laxauit mulierẽ suam pectet I d
108 1115 644 1164 ad iudicẽ . Et qi caballũ alienũ caualgauit p uno pectet I
105 1149 669 1198 carnariũ , et si magis pectet las angeiras p uno die VI d
107 1179 660 1232 ⁊ p una nocte I sl . Et qi feriuit d lancea aut de spata, p
104 1212 641 1257 intrata, pectet X sl . ⁊ si tansiuit ad altam partẽ , pectet
105 1238 647 1286 XX sl ad querelosũ . Et qui quebrantauit occlm ad bra
105 1269 632 1310 chum aut dentẽ , p unoquoq menbro pectet C sl ad
107 1292 633 1344 lisiadũ , ⁊ ille det VII.ᵃ ad palaciũ . Qi mulierẽ alienam
104 1320 642 1374 ante suum maritũ feriuit pectet XXX sl ⁊ VII.ᵃ ad pal .
103 1353 630 1402 Qi moion alienum in suo ero mutauit , pectet V sl ⁊
102 1381 660 1429 VII.ᵃ ad palaciũ . Qi linde alienũ quebrantauit , pectet V sl
102 1412 626 1462 ⁊ VII.ᵃ ad palaciũ . Qui ꝯductiũ alienũ mactauit , suus
103 1440 644 1492 amus colligat homicidiũ ⁊ det sept pl . Similr de suo
102 1475 645 1517 ortolano ⁊ de qrteiro ⁊ de suo molneiro ⁊ de suo solaren
102 1501 642 1549 go. Qi habuit uassallos in suo solar aut ĩ sua heditate , n
104 1532 641 1578 seruiant ad altm hoiem de tota sua facienda ni ad dnm
102 1564 649 1605 de solar. Tende ⁊ molendina ⁊ furni de hoibꝰ de Ablãtes
103 1589 663 1636 sint libera de foro. Milites de Ablantes sint ĩ iudicio pro
100 1619 627 1663 potestatibꝰ ⁊ infanconibꝰ de Portugal. Clici uo habeant
108 1653 620 1711 mores militum. Pedones sint in iudicio p cauallariis
684 64 1227 119 uillanis de alta tra . Qui uenit uozeirꝰ ad suum uicinũ
688 100 1208 148 p hoie de foras uille pectet X sl ⁊ VII.ᵃ ad palacium.
686 129 1220 179 Ganatum de Ablantes nõ sit montatũ in aliq terra.
682 159 1226 208 Et homo cui se anuffragauit suus dextrius , qmuis
684 186 1247 240 habeat alium sit excusatus usq ad caput anni. Man
684 218 1236 273 zebo qi mactauit hoiem foras uille ⁊ fugit , suus amus
686 244 1220 298 nõ pectet homicidiũ . P totis querelis de palacio iudex
686 274 1238 329 sit uozeirꝰ . Qi in uilla pignorauit cum sagione ⁊ sa
684 301 1241 356 cudiuint ei pignora autorguet el saion ⁊ p r endat ꝯciliũ
684 331 1243 391 de tibꝰ collatonibꝰ ⁊ pignoret p LX.ᵃ sl , mdios ad ꝯciliũ
684 365 1241 422 ⁊ mdios ad rancurosum. Barones de Ablantes nõ sĩt
687 401 1242 448 ĩ pstimoniũ dati. Et si hioes de Ablantes habuint iu
683 428 1238 483 diciũ cum hoibꝰ de alia tra , nõ crat int illos firma si
686 461 1258 518 currat p sqisa aut reptum. Et de ill o i s qi uoluerĩt pausare
684 493 1227 546 cum suo ganato ĩ tminis de Ablantes, pendant de illis
684 524 1226 575 mõtaticum . De grege ouium IIII carneiros. Et de
682 556 1243 602 busto uaccarũ I uacam. Istud mõtaticũ est de ꝯcilio .
682 585 1222 636 Et oms miles qi fuint in fossatum aut ĩ guardiã , oms
672 615 1229 667 caballi qi pdidint in algara uel in lite pimo erigant sine
681 648 1241 701 qinta ⁊ postea detis nb qintam directã . Et homo de Ablãtes
680 682 1237 725 qui inuenit hoies de aliis ciuitatibꝰ in suis tminis talliã
678 711 1238 756 do aut leuando medeirã de mõtibꝰ pndant totum quod
680 741 1238 790 inuenit sine calũpnia . De azariis ⁊ de guardiis qintam
686 770 1227 821 partẽ nb date sine aliq offrecone . Qicumq ganatum
683 805 1246 850 domesticũ pignorare ul rape fecit , pectet LX sl ad
684 832 1224 881 pl ⁊ duplet ganatũ suo dno . Testamꝰ uo ⁊ phemniter
684 863 1238 911 firmamꝰ ut quicũq pignorauit mercatores uel uiatores xia
686 890 1244 941 nos , iudeos siue mauros, ni fuit fideiussor uel debitor qicũq
683 921 1244 974 fecit pectet LX.ᵃ sl ad palacium ⁊ duplet ganatũ qd pren
680 953 1238 1005 didit suo dno . Et in sup pectet C mr p cauto qd fregit,
681 987 1232 1036 et rex habeat mditatem ⁊ ꝯcilium medietatẽ . Si qis ad
680 1026 1221 1066 uram uillã uenit p uim cibos aut aliqs res accipe ⁊ ibi
682 1055 1228 1101 mortuus ul pcussus fuit , nõ pectet p eo aliqm calũpniam ,
676 1085 1232 1131 nec suor parentũ homicide habeant . Et si cũ querimonia
679 1115 1244 1162 de ipo ad regem uel ad dnm tre uenit , pectet C mr , mdie
672 1146 1230 1192 tatem ꝯcilio . Mandamꝰ ⁊ ꝯcedimꝰ qd si aliqis fuit latro ⁊ si
677 1175 1229 1223 iam p unum annũ ul duos furari ul rape dimisit, si p aliq
684 1208 1242 1252 re repetitꝰ fuit qm ꝯmisit , saluet se tamqã latro. Et si latro
682 1234 1221 1279 est et latro fuit, omnino peat ⁊ subeat penam latronis.
679 1263 1230 1306 Et si alqs repetit p furto et nõ est latro neq fuit, respon
680 1287 1230 1329 deat ad suos foros. Si qis homo filiam alienã rapet extra
679 1314 1229 1359 suam uoluntatẽ , donet eam ad suos parentes ⁊ pectet
678 1338 1223 1387 illis CCC mr ⁊ sept ad pl , ⁊ ĩ sup sit homicidia. De por
677 1365 1250 1422 tagine for de txel de caualo de pãnis de lana uel de lino I sl .
677 1396 1229 1450 De troxel de fustaes V sl . De toxel de pannis de colore V sl .
676 1426 1224 1482 De carrega de piscato I sl . De carrega de asino VI d . De
677 1460 1224 1519 carrega de xianis de coneliis V sl . De carega de mauris de
674 1490 1236 1539 coniliis I mr . Portagen de caualo quẽ uendidint in azouge
678 1522 1222 1575 I sl . De mulo I sl . De asno VI d . De boue VI d . De
671 1557 1219 1610 carneiro III meal . De porco II d . De foron II d . De
671 1594 1205 1638 carego de pane ⁊ de uino III meall . De carrega de
676 1623 1219 1668 peon I d . De mauro qem uendidint ĩ mercato I sl . De
666 1654 1218 1710 mauro qui se redemit , decimã . De mauro qui taliat cum
