1676 2226
1247 944 1456 986 Carta de Marialua
1007 949 1243 992 n nne sce ⁊ ĩdiuidue
1006 973 1504 1016 tinitatis patis ⁊ filii ⁊ sps sci , uniꝰ sũmi Di facimus istã
1009 996 1495 1046 cartulam ĩ ipiꝰ nne tinitatis . Ego rex Alfonsus Port
1010 1032 1491 1073 parit cum filio mo rege Sancio ⁊ cum filiabꝰ mis
1013 1057 1485 1104 ub hominibꝰ de Marialua qi ibid pplatores estis p
1004 1089 1492 1134 mandatũ mm ⁊ de filiis mis siue qi uenint ad pplan
991 1120 1495 1171 dum facimꝰ ub cartulam sic ⁊ fecimꝰ p sciptam ⁊ p pcept
990 1152 1504 1198 nrm firmit teneatis ut habeatis for bonum sic habẽt
990 1182 1494 1228 hoies de Troncoso. Et nõ detis mi neq ad pgeniẽ mam nc
990 1206 1492 1256 ad aliqem hominẽ p homicidio ni VII.ª ad palaciũ d CCC
990 1240 1490 1279 sl appciadura p ꝯcilium ⁊ p manũ de iudice. ⁊ nullũ
991 1267 1479 1315 pctum neq ullam calũpniam nõ intret ibi aliquis
993 1296 1497 1338 merinꝰ ni iudex de uro ꝯcilio . Et faciant fossadum la
991 1326 1492 1362 tcia de los caualeiros ⁊ due partes stẽt ĩ Marialua. ⁊ de
991 1349 1495 1396 illa una parte que debuit ire in fossado ⁊ nõ fuit qomo
993 1378 1491 1422 dent in fossadeira V sl ĩ appciadura . Et nõ faciant
993 1402 1491 1445 fossado ni cum nro senior una uice ĩ anno aut ura uo
993 1427 1492 1467 luntas fuit . Et peones nõ faciant fossado nc clici . Et n
993 1454 1489 1497 intret ibi nuncio nec manaria de nullo qo homine p
990 1482 1489 1519 foro de Marialua. Et qui in tmino de Marialua filiam
994 1511 1505 1554 alienam rousar ext sua uoluntate qomo pectet a pala
993 1535 1502 1582 cio CCC sl ⁊ exeat omizieiro de suos parentes. Si quis
993 1566 1496 1611 aliquis int uos ĩ mcato aut ĩ ecc ul ĩ ꝯcilio plecato a p
993 1590 1494 1638 con ferida fezer a suo uicino pectet LX sl a cõcilio
995 1618 1494 1664 ⁊ VII.ª ad palacium p manu de iudice. Et de furto q
995 1649 1507 1694 libet sedeat colligat suus dns suũ cabdal. ⁊ illam aliã
993 1674 1495 1721 calũpniam parciat cum iudice p mediũ . Et qi domũ
995 1705 1497 1751 edificauit aut uineas aut suã heditatẽ honorauit
995 1730 1492 1791 ⁊ uno ãno ĩ illa sedit ⁊ postea ad aliam tram iuit qomo
