1677 2226
197 187 693 234 seruiat illi tota sua heditas ui ille habitans fuit .
196 221 707 265 Et si quesierit illas uende uendat cui uoluit p fo
200 254 696 296 rum de Marialua. Et homines de Marialua qi ha
197 284 692 325 buint iudicium ul aiũctam cum hoibꝰ de aliis tris
197 315 695 352 hant illos in cabos de suis tminis . Et dono ub for
195 340 695 382 qd stet caballariꝰ de Marialua p infanzon de totis
196 371 699 408 aliis tris siue ĩ iuramto siue ĩ iudicio ⁊ passent sup
196 392 703 436 illos cum duobꝰ iuratoribꝰ . Et illos pedones de Morei
195 420 701 464 ra qd passent sup illos caballarii uillani de totis aliis
194 450 699 487 tris in iudicio ⁊ ĩ iuramto cum duobꝰ iuratoribꝰ . Et
194 476 703 523 homines qi de suis tris exierĩt cum homicidio aut cũ
194 508 697 549 muliere raussata ul cum alia calumpnia qlibet sit ni
192 539 703 577 qd adducat mulierẽ alienã de bndictoe ⁊ tornet se ad
191 570 696 607 seniorẽ de Marialua ⁊ sit solutus ⁊ defensus p for
191 596 707 638 de Marialua. Et si aliquis ho de qcunq tra cũ inimi
190 625 708 664 citate aut cum pignore uenit ⁊ ĩ tminum de Marial
191 648 704 691 ua intuit ⁊ aliquis inimicꝰ post illum ĩtrauit ⁊ ei pig
190 680 698 716 nora tollit aut male illi fecit qomo pectet ad seniorẽ
191 709 701 748 de Marialua D sl ⁊ duplet illa pignora aut illos liuo
190 737 695 772 res. Et qi homines de Marialua pignorauit ⁊ ĩ cõcilio
190 761 701 806 nõ pecierit directum qomo pectet ad seniorẽ de Marial
190 792 695 827 ua LX sl ⁊ duplet illa pignora ad suũ dnm . Et ho
189 818 691 859 de alia tra qi caballariũ de Marialua descauagaluit
189 843 690 887 qomo pectet illi LX sl . Et qi homines de Marialua
191 873 697 912 pndidit ⁊ ĩ psionẽ illos misit qomo pectet illis V sl .
190 907 701 938 Et si hominẽ de Marialua p qualibet fiaduria a me
189 932 696 968 dio anno nõ requisierit qd sit solutus. Et si mortuꝰ
187 959 699 996 fuit sint filii ⁊ uxor eiꝰ libi . Et nõ soluant homines
187 985 696 1016 de Marialua pignora p seniore neq p merino ni pro
187 1009 697 1051 suo uicino. Et nõ donẽt pausadam p for de Marialua
186 1042 681 1075 ĩ casa de caualeiro neq de uidua neq de clicis ni p
185 1070 698 1110 manũ de iudice ĩ casa de pedonibꝰ . Et homines de Ma
184 1095 688 1141 rialua qi homines tenuĩt ĩ suis heditatibꝰ aut ĩ suis so
185 1126 686 1171 laribꝰ ⁊ nõ fuit ibi suus senior ueniat ad sinal de iu
185 1161 683 1200 dice ⁊ det fiador ad uenidam de suo senior ⁊ faciat qd
184 1189 685 1228 mandauint . ⁊ calũpnia qmlibet fecit sit de suo se
185 1214 686 1263 niore ⁊ VII.ª ad pl . ⁊ nõ seruiat ad aliqe hominẽ ni ad se
185 1251 695 1288 niorẽ in cuiꝰ solare sedit . Et senara aut uinee dni re
184 1277 682 1317 gis tale cautum hant sic de uicinis de Marialua. Et qi
184 1305 683 1345 uicinum occidit ⁊ ĩ sua casa fugit , qi pꝰ illum ĩtuit
184 1329 691 1372 ⁊ in sua casa illum mactauit pectet CCC sl ad pa
185 1360 696 1399 rentes de mortuo. Et qi mulierẽ aforciauit ⁊ illa uo
184 1390 687 1427 ces mittendo uenit ⁊ ipe cum XII nõ potuit se salua
186 1414 697 1449 re pectet CCC sl mulieri aut suis parentibꝰ . Et qi mulie
184 1439 688 1472 rem alienam feriuit pectet suo marito XXX sl ⁊ VII.ª
184 1462 695 1503 ad palacium. Et homines de Marialua qi fiadores pa
184 1486 688 1532 rar p q calumpnia illum pecierĩt ⁊ el fiador autor
183 1518 707 1560 gar cum duos uicinos ⁊ ille nõ qesierit collige fiador
187 1540 695 1589 ⁊ sup ipm occidit nos toto ꝯcilio pectabimꝰ ipm homi
185 1575 687 1612 cidium. Et palacio regis ul epo hant calũpniam
184 1602 688 1638 ⁊ tota alia uilla hat uno foro, ⁊ alio palacio nõ hat
184 1631 682 1664 calumnpniã . Et homines de Marialua qi fiador ĩtrar
185 1657 681 1695 ⁊ ꝯtentor nõ habuit quale fiaduria fiar tale pctet .
185 1685 687 1722 Et si ꝯtentor habuit intreat illum ĩ man ⁊ exeat
186 1711 674 1756 de illa fiaduria. Et de suspecta d X sl a riba cogno
185 1742 676 1788 minet XII uicinos ĩ redor sua casa ⁊ iuret cum los
751 194 1244 237 dous ⁊ exeat de la calumpnia. ⁊ d X sl ad iuso
754 223 1256 265 iure siue ⁊ outo quales aflar qi uicinos sedeant. Et
751 253 1258 298 toto homine de Marialua qi se tornar ad aliũ senio
753 290 1250 324 rem qi bnefecit suas casas ⁊ suas heditates ⁊ uxor
751 311 1249 352 sua ⁊ filii sui sint libi ⁊ soluti p foro de Marialua.
750 343 1249 382 Et dono ub for qd nõ habeatis alium seniorẽ ni ad
751 373 1249 408 regem aut suo filio aut qi uos ꝯcilio qsieritis . Et
751 395 1246 437 toto homine de Marialua qi deserdado fuit ⁊ per
751 427 1247 464 sua manu nõ lo pectare qomo se torne ad sua hedi
750 453 1257 489 tate ui illa fuit sine calumpnia. Et toto homine de
749 482 1252 521 Marialua qi heditatẽ habuit n faciant fossado ni p fo
751 511 1254 550 ro de Marialua. Et toto homine de Marialua qi ha
751 536 1247 579 buit mulierer ad bndictoem ⁊ laxauit illam qomo pc
751 568 1266 603 tet ad iudice d . Et si mulier suũ maritũ laxauit
750 593 1249 633 qi habuit ad bndictoem qomo pectet CCC sl medios
749 625 1245 665 ad palaciũ ⁊ medios ad suo marito. Et de casa de
749 650 1245 691 rota cum scutos ⁊ cũ lanceas, qi la dirũpe pectet
749 681 1244 717 CCC sl medios a dono de la casa ⁊ medios ad pal . Et
750 711 1258 750 qi dedit a suo uicino cum spata X sl ⁊ VII.ª ad palac .
746 737 1258 774 Et qi dedit cum lancea ad suo uicino ⁊ exierit d una
748 763 1244 805 pars ad alia pectet XX sl ⁊ VII.ª ad palc . Et si nõ
748 795 1245 829 exierit pectet X sl ⁊ VII.ª ad pal . Et de plaga unde
745 819 1260 859 osso exierit cada osso X sl ⁊ VII.ª ad pal . Et de alia pla
748 852 1254 891 ga V sl ⁊ VII.ª ad pal . Et p tota pignora siue de ꝯcilio
746 880 1236 915 ul de pal colligat fiador sup illa pignora ⁊ p a fforo.
746 904 1237 939 Et dono ub qd nõ habeat nulla defesa nec nullo mõte
745 928 1241 968 nc nullo pelago ni de toto ꝯcilio . Et illo mõtatico de t
744 958 1241 996 mino de Marialua montẽ los caualeiros de Marialua
744 983 1240 1022 cum suo senior ⁊ pndant ind la tciam . ⁊ nullo gana
743 1012 1241 1049 to de Marialua nõ sedeat montado. Et portatico de
743 1040 1245 1082 pã ⁊ de uino, de la carrega III mealias ⁊ de caballo ⁊
742 1072 1244 1106 de mulo qi lo uendidit I sl . ⁊ de boue ⁊ de asino VI
742 1096 1250 1145 d . De carneiro aut de cap aut de porco III mealias.
743 1131 1242 1185 Et de toto portatico qi a Marialua uenit pndat suus
743 1166 885 1196 hospes tciam .
735 1176 1255 1233 Ego Alfonsus IIꝰ Di gra Port rex, una cũ uxore
735 1224 1241 1261 mea regina dna Vrr ⁊ filiis nris infantibꝰ dõno
738 1249 1247 1289 Sancio ⁊ dõno Alfonso ⁊ dõna Alionor, istam cartã
743 1277 1234 1320 supsciptam ⁊ istud for qd ub dedit ⁊ ꝯcessit auus
742 1307 1231 1349 ms rex dõnus Alfonsus excellentissime memorie,
740 1339 1239 1377 ꝯcedo ego ub ⁊ confirmo p hoc sciptum . Et ut mea
742 1368 1249 1399 ꝯcessio ⁊ confirmacio in ppetuum firmũ robur obti
743 1392 1239 1429 neat, pcepi hanc cartam scibi ⁊ sigillo mo plumbeo
740 1411 1249 1448 ꝯmuniri . Facta fuit carta apd Colimbiam , mse Nouẽ
742 1437 1251 1480 bis ĩ e M.ᵃ CC.ᵃ L.ᵃ V.ᵃ. Et ego ⁊ uxor ma ⁊ filii nri sup
740 1467 1240 1501 nnati qi hanc cartam fi pcepimus coram subsciptis
738 1493 1239 1533 eam roborauimus, ⁊ ĩ ea hec signa fecimus +++++.
735 1517 1242 1561 Qi affuerũt : Dõnus Stephanus Bracaren archieps
737 1549 1235 1590 ꝯf . Dõnus Mar Port eps ꝯf . Dõnus Pe Colimbien
740 1574 1240 1613 eps ꝯf . Dõnus Suariꝰ Vlixbonen eps ꝯf . Dõnus S.
739 1602 1244 1641 Elboren eps ꝯf . Dõnus Plagius Lamecen eps ꝯf . Dõ
739 1629 1236 1673 nus Bar Visen eps ꝯf . Dõnus Mar Egitanien eps
737 1662 1242 1702 ꝯf . Dõnus Mar Ihnis signifer dni regis ꝯf . Dõnus Pe
739 1685 1234 1723 Ihnis maiordomus curie ꝯf . Dõnus Laurenciꝰ Suarii
738 1712 1241 1754 ꝯf . Dõnus Gomecius Suarii ꝯf . Dõnus Gil Valasquiz
738 1739 1236 1799 ꝯf . Dõnus Fnandus Fnandiz ꝯf . Dõnus Io Fnandiz .
