1751 2296
277 51 1492 179 Aos moradores do julgado de Orrio. Forall que lhe el Rei Dom Afomso
300 97 1662 206 deu per que lhe comcedeo o dito lugar com seus termos limitados e declarados, etc
139 162 1603 252 n nne patis ⁊ indiuidue tinitatis patis ⁊ filii ⁊ spu sci , am . Ego rex A Portugln una c filiis meis
136 224 1610 295 ⁊ qi exierit d me. Vos os hoies d Orrio qi ibidẽ pplatorẽ estis p mandatũ meũ morãdi faciendi siue
134 274 1611 353 qi s uenit ad pplandum , facimus ub cartulam sct ⁊ facimus p sciptam ⁊ pactum nrm firmit teneatis
131 312 1600 394 ut habeatis foro bono sit habẽt alios homines c meliorẽ forũ . Et nõ detis mi nec a pgenie mee
119 355 1594 450 nc a nullo homine p omicidio ni septima apciadura p concilio ⁊ p manu de alcaldẽ ⁊ d iudicẽ . Et
85 405 1606 496 nullo pcto nec nlla callũpnia nõ intret ibi mo meirino ni iudice d uro concilio. Et uos homines d
140 461 1625 537 Orrios nõ faciatis fossado nc dtis fossadira p q estis in frõteira . Ergo si uenit mauros aut malos
109 505 1632 587 xanos a la tra scorelos a podr ⁊ tornẽt se ipo die a suã casam. Et nõ intret ibi nũcio d nc manaria
107 549 1626 637 d nllo ho p foro d Orrios. Et qi ĩ tmino d Orrios filia aliena rapuit ext sua uolũtate q pctet a rã
137 607 1631 681 curoso XXXª m ⁊ a palacio ⁊ exiat omicieiro. Dono atq mãdo ĩ toto mo regno p ubi habuĩt
141 658 1613 727 heditates ⁊ seruiãt ĩ Orrios. Mando qui milites d Orrios occidit p mil sl . Et si eũ desornauit p
140 707 1619 778 ei D sl medios ad militẽ ⁊ medios ad palacio. Et p istũ pignorẽ sin totis callũniis . Sed peones
140 753 1629 822 ⁊ milites ĩ morte ⁊ ĩ feridas ⁊ ĩ rouso unũ forũ habeamus ĩ uilla. Et dono ub foro qd stet caua
145 797 1609 878 leiro d Orrios p ĩfanzõ d alias tras ĩ iudicio ⁊ ĩ iuramto troncãt sup illos c iuratores duos ⁊ illos pe
144 844 1606 918 dones d Orrios qo stẽt sup illos caualeiros uilanos d alias tras ĩ iudicio ⁊ ĩ iuramto c duos iuratores.
142 894 1616 970 Et qi domũ edificauit aut uineas aut sua heditate honorauit ⁊ uno ano ĩ illa sedit ⁊ postea ad
144 947 1634 1016 alia tra fuit qomo seruiat illi totã suam haditatẽ ubi habitãtes fuĩt . Et si qsierit uende uẽdat
148 989 1622 1067 ad qi uoluit p foro d Orrios. Et hos d Orrios habuĩt iudicio aut iũta c oes d alias tras . Habeãt
148 1042 1618 1112 medianido trãs Dorio pelo Perido ⁊ p Rabia ⁊ p fundo do uilar d Mozoores ⁊ azima do uale da Cardicha
146 1094 1627 1160 ⁊ a cabeza d Pelagio d Gouuinas ⁊ nazima da Sazeda ⁊ in ao Reqixo ⁊ in a la cabeza d Calabria ⁊ pela
154 1141 1610 1209 cabeza d las Tanagas ⁊ in p foz d Cola. Et os qi d sua tra exierit c omicidio aut c mulier rou
156 1186 1613 1255 zada ul c alia calluia qlibet sedeat ni q nõ aducat mulier aliena d bnedcoem ut tornet se
163 1232 1605 1317 ad dnm d Orrios ⁊ sedat solutũ ⁊ dfenditum p foro d Orrios. Et siqis homo d qcunq tra c inimicitate
159 1276 1615 1362 aut c pignora uenit ⁊ ĩ tmino d Orrios intratũ fuit nllꝰ inimicꝰ post illum ĩtret ⁊ pignora tollerit
162 1320 1625 1412 aud male illi fecit qomo p D sl medios ad dnm uille ⁊ medios a rãcosso ⁊ duplet illa pignora aut illos
164 1367 1619 1469 liuores. Et qi oe d Vrrios pignorauit ⁊ ĩ cõcilio n pecierit dirtũ qomo p a senior ⁊ concilio d Vrrios
163 1413 1619 1526 LXª sl ⁊ duplet illa pĩdra a suo dono. Et oe d alia tra qi caualeiros de Orrios dscaualgar p LXª sl . Et qi oe
168 1461 1642 1576 d Vrrios psierit ĩ psione q p XXXª mo al rrãcuroso ⁊ septima a palatio. Et si oe d Vrrios psierit aliqod
167 1511 1622 1619 ome d alia tra p V sl . Et si oe d Vrrios p qlibet fiaduria ad medio ano nõ qsierit q sedat soltũ .
168 1557 1618 1667 Et si migratũ fuit sin filiis ⁊ uxor sua sit libi d fiada d bndcões ⁊ d dirtum dare d sup caba
173 1611 1613 1715 dura ad XXX dies. De fiadura d au q habeat a dare quãdo ddit sedeat soltũ . Fiador d sanamto
176 1655 1631 1760 qn fiada fiar semp stet fiador alle ⁊ suos filios ⁊ si nõ habuit filios q recipĩt sua bona stet
177 1705 1639 1804 fiador semp . Qui eira disrrũpit p LXª sl . Et istũ nõ habeat palaciũ . Maurũ qi fuit xianũ
182 1758 1599 1847 aut seruũ ⁊ a Vrrios uenit sedat soltũ ⁊ libum . Hominẽ qui sua mulier leixauit p I dr . Et si
178 1803 1611 1900 mulier leixauit suo uiro p XXX mr , medios ad palacio ⁊ medios a suo uiro. Et qi eam am
183 1841 1624 1960 pau a suo uiro p X sl cotidie. Et d ista callũia medio a palacio. Et si fuit puella ĩ capillo
182 1891 1656 2006 aut c touca ⁊ uenit rascando p illa cal ⁊ dixit folã fodu me p nne saluet se c XII. Et si nõ potuit
