1783 2347
194 192 1647 277 saluar p XXX mr ⁊ septima a palacio. Et si nõ uenit rascãdo usq tciũ die iuret siue tcium et exe
191 241 1636 319 at d callũia . De ano ĩ ano qndo uenit nro senior ad nram uillam demus ĩ sua pada II II panes ⁊ singla octa
191 286 1635 357 uas d ceuada ⁊ I dr . Caualiro qi suo caualo d cela morir aut mulier obierit aut aliã aduxit n faciat
191 335 1639 397 postea nec fazẽdira usq ano mulier orfana nõ faciat postea nc fazẽdira usq habeat uirũ mu
190 378 1647 451 lier uidua nõ faciat postea nc fazẽdira erga si habuit filiũ in sua casa d XV anos . Et nõ soluãt
190 432 1639 496 homines d Vrrios pignora p senior nec p meyrino ni p suo uicino. Et nõ dnt pousada p foro d Orrios
187 477 1647 545 ne caualiros nec alcalds nec abbes ni pedones p manu d iudice. Et qi uicino occidit ĩ sua casa fugierit
182 525 1617 588 et post illum intrauit ⁊ ibi mactauit p CCC sl . Et qi mulier aliena ferir p CCC sl ⁊ VIIᵐᵃ a palacio ⁊ a suo
193 576 1681 641 marito alios qi remanserit. Et palacio d senior ⁊ d epo habeat callũiam ⁊ eccam . De istas tres palacio epo eccam
196 628 1639 692 qi rũpit p mil sl . Et qi pcuserit psbr p D sl ⁊ una menaga d ouro. Et si negauit iuret c VI ui
190 674 1656 736 cinos bonos ⁊ ille VIImo . Et oe d Orrios qi fiador ĩtrar ⁊ cõtẽtor illi nõ uuar ql fiar tal pctar . Et si cõtẽ
185 722 1689 781 tor habuit mittat illũ ĩ manus ⁊ sin callũia ⁊ ĩ cepo ⁊ exeat d fiada . Et si nõ met in sua psiõ n exeat d fia
183 762 1669 839 dura. Et si noluit recipe ĩ psione faciãt testẽ d III uicinos ⁊ nõ respõdat ĩ Orrios palacio nõ dt p pesqisa p
186 822 1694 891 nulla callũia . Et si firmar c III alcalds p ⁊ si nõ firmar nõ p . Clico qi suas casas habuĩt ⁊ ratiões habuĩt tenuĩt
186 873 1672 946 si nõ fecĩt p q suas ordines pdãt q nũq pdãt suas casas. Et qndo trãsmigauerĩt suos haberes hdẽt suos pentes
189 923 1709 993 qi cica mag habuĩt ⁊ ubi mandauĩt suos haberes c suas ling u as ibi pstẽt ⁊ si sin lĩgua habuĩt obierit suos filios hdet
189 971 1696 1041 aut suos pẽtes mag cica ⁊ dnt illa tcia pte p sua aia . Pelago nc mõte nc riuulo nõ sedat dfesso sin concilio necq
183 1014 1674 1095 suis tminis . Iudx si noluit collige directũ ul fiador sup pignora qi tenuit mattet illum sin tota callũia
179 1063 1681 1147 fora q pctemꝰ singlas peles d conelos qntos q ibi morauĩt . Qui d posta fuĩt d dare ⁊ ipm qi eũ occidit n dt nl . Et
179 1125 1674 1191 si ibi pẽtes habuit salutẽt ei. Toto homine qi d Orrios fuit qi filium aut filiam nõ habuit ⁊ fuit maneiro det
185 1174 1664 1247 p sua aia asta medio d suo hre ubi mãdauit p sua lingua. Et si sin lĩgua habuit obierit dẽt d suo au
185 1226 1673 1306 illa qinta p sua aia . Et d mag accipiãt suos pẽtes qi mag cicam habuĩt d ambas ptes . Simlr sedat d mu
181 1288 1647 1354 lier maneira. Toto homine qi ĩ nra uilla uenit c inimicitate ⁊ suos inimicos tras illo uenit salutẽt
185 1332 1682 1409 ei. Et dnt illi segurãcia sup quatuor homines ĩ cẽtũ cẽtũ mr . Et si hoc nõ fecit exeat d uilla.
185 1374 1677 1465 Et qi ei colligit aut enpar p C m . Et nõ pstet illi p morte d hoie aut p rouso d mulier. Qi call
179 1421 1668 1516 unia habea d CCC sl exeat d Orrios ⁊ d toto suo tmino p inimico. Et qi illum colligit p CCC sl . Et si nõ
181 1469 1687 1573 iuret c XII. Qi nõ coleu nẽ panẽ ddit illum p totũ furtũ qi arrãdo fuit p lide ul p ferro duplet ei c LXª sl
176 1529 1656 1632 al rãcuroso ⁊ nouenas a palacio. A quẽ dmandarẽ q ome matou atraso lid ⁊ si cair p mil mr . Et si nõ habuit
179 1568 1698 1684 d q los peite faciat d illo iꝰticia qomo d aleyuoso ⁊ d traditor. Si los p exeat d Orrios p aleiue ⁊ d suo tmino drbẽ
181 1636 1678 1731 suas casas ⁊ p istã uocẽ uicinũ ad uicinũ det dirctum ⁊ nõ adiucẽ . Et qi istam uocẽ dmandauit pimũ iuret
176 1692 1674 1775 c III pẽtes los mag cica qi ĩ tota la uilla fuit q lo nõ dmanda p out malqrẽsa mais q matador ⁊ feridor fui
178 1749 1660 1828 d seu pẽte un morisse. Ei si pẽtes n habuit c III uicinos. Et si iste nõ iurar nõ respondat illi. De
174 1796 1648 1874 sanguine d poto d lãsa aut d spada aut d cultello qi c istũ ferir ⁊ in nõ morir p XXX mr ⁊⁊ VIIᵐᵃ a pala
174 1843 1670 1928 cio. Ad iudicẽ nõli respondat nadi sine racoso . Iudice d ano ĩ ano sedat . Iudice pndat a VIIᵐᵃ pte d callũiais
181 1901 1653 1988 q sacauit . Et si rãcura ouu d illo senior dt dirctum p manꝰ d nros alcalds . Qm ferir suo uicino c pet
