1747 2346
155 213 1597 284 aut c fuste p XX mr . Si firmarẽ ⁊ se nõ fimarẽ iuret c uno uicino. Si ferir c manus aut messar aut c
152 255 1593 324 ped p IIII m al rãcuroso si fimar . Et si nõ habuit firma iuret se V. Qi ferir suo uicino ĩ illa chãca d
146 307 1564 364 ecca aut ĩ concilio a pgõ ferido aut in apilido p LXª sl medios alcalds ⁊ medios ad concilio ⁊ VII a palacio.
146 354 1584 407 Et qreloso sua callũia qomodo sursum resonat. Toto hoie qi ĩsarrado fuit ĩ sua casa c armas a forcia p CCC sl ⁊
138 401 1578 467 VIIᵐᵃ a palacio. Si fimarẽt ⁊ si nõ iuret se V. Et dono ub foro q nõ habeatis aliũ seniorẽ ni regẽ aut suo
140 453 1580 522 filio aut q uos concilio qsieritis . Et si oes d Vrrios qi dserdado fuit ⁊ p sua manu nõ pdat ea qomo se tor
143 504 1594 573 net a sua heditate ubi illa fuit sine nulla callũia . Et toto hoie d Vrrios qi heditate habuit ĩ alia tra
138 560 1582 626 nõ faciat fosado ni p foro d Vrrios. In Orrios nõ dnt osas nec luitosa. Et d toto porta di go qi uenit a V
139 607 1600 684 rrios ubi pousada pndit sua tcia . De caualos ⁊ d mulos singlos singlos sl . De boue ⁊ d asino VI dr .
136 668 1612 733 Qui toler pĩdres in casa p V sl . Et qi tollit ĩ cale p X sl . Quẽ reftar iudiciũ d alde p V mr .
136 718 1603 783 Vicino q pedir fiel ⁊ lo parar a suo uicino ⁊ nõ uener ad illo p X sl . Et nros alcalds iudicẽt d sol a sol.
136 760 1608 840 Et si baralarẽ duos uicinos ⁊ uenit illo alcalde ⁊ diser ĩ couto uos q nõ baraleds ⁊ nõ se calarẽ p I mr alcalds .
134 817 1598 895 De furto dscobto dt a suo dono toto suo auere duplato ⁊ nouenias ptiãt c palacio ⁊ pndat illos alcaldes
138 874 1599 957 las aurelias. Et si alia uice furtar ĩforqnt illum. Toto uicino q pedir d segurãcia c III uicinos aut
134 934 1608 1004 c I alcald ⁊ nõ ddit p V mr . Et si trasnoctar p XX mr . Si diser nõ habeo homine qi me leue so
134 989 1623 1055 bre cabo det fiador ĩ quĩginta mr usq ĩ tciũ diẽ . Et si nõ ddit p qinqgĩta mr . Et postea det
134 1043 1645 1110 fiadores ĩ quatuorcẽtos mr . Et si nõ ddit pndãt illos alcaldes c rãcuroso ⁊ si nõ fecĩt cadat illos in p
135 1101 1637 1162 iuriũ . Qui raca met alcaldes ⁊ la nõ chegar a dereito cadat ĩ piuriũ . Et qi filia aliena leuauit rabida ⁊
112 1149 1620 1222 illa nõ fuit d sua uolũtate aducat illa a medianedo ⁊ si fuit a suos pẽtes p CCC sl ⁊ exeat inimicos.
136 1204 1646 1266 Et si fuit c suos qi uenit exeãt ambos inimicos. Et qi mulier aliena leuauit pndãt illos ambos ⁊ mittãt
139 1256 1663 1321 illos ĩ manus a suo marito ⁊ faciat in sua uolũtate . Puella qi fuit pedida ⁊ rogada ⁊ altos se trmẽt ⁊ leuauit
139 1311 1637 1375 illa p sua uolũtate nõ colligãt illa suos pẽtes sin praz d lo spõso . Et si collẽt p CCC sl ⁊ VII a pala
136 1360 1644 1429 cio ⁊ exeãt inimicos. Totos cautos qi posuĩt alcalds assi sedãt outorgados qomo si sacuissẽt ĩ carta ⁊ p mã
136 1412 1671 1481 datũ d concilio. Et oe d Vrrios qi nõ fuit ĩ apilido c suos uicinos p I mr ⁊ diser nõ lo ouui iuret
139 1466 1657 1536 se c II uicinos. Vine i s disqndo tenuĩt uuas ⁊ ibi ĩtrar mula aut rosĩ aut eqũ aut asinũ aut por
140 1518 1670 1586 cos aut oues aut cabras p mediũ mr . Et dsqndo tenuit uuas p I sl . Drto aut d arbores qlibet
143 1574 1641 1636 q ueneãt fruitos qi ĩ illa ĩtrar ⁊ illo potuit firmar p LXª sl et si nõ firmar iuret se c V. De
144 1620 1598 1687 quãtas uoces ĩ ista carta resonãt d ipa respõdãt ⁊ d altas nõ respõdãt . Hec sũt tminos d Vrrios.
148 1668 1610 1734 Fta carta d foro mẽse Apilis , e M.ª CC.ª XX.ª. Ego rex A qi istã cartã iussi face ⁊ scibe
142 1717 1632 1789 ⁊ la gẽtẽ audire una c filiis mis ĩ hanc cartã manus nras ppias ro-bo-ra-mus ⁊ signũ
143 1775 1614 1840 + facio. Et si ego ul filiis mis quã extranenis ⁊ istam cartam irrũpe uoluit sit maleditꝰ ⁊ excomuni
149 1822 1614 1885 catꝰ ⁊ c Iuda traditore habet participiũ am am am . Qui uidrt ⁊ audiert : Vaasco Fnãdi ꝯfima .
148 1870 1611 1949 A Ermigis ꝯf . Pt Rodrigis ꝯf . Peto Alfonso ꝯf . Dominũ uille Fnã Velaz. Archieps ĩ Bracara
152 1931 1587 2008 Dõ Godino. Pro ts d ista k : Pelay Sinchariis ts . Gomez Pelais ts . Nunus ts
