1787 2306
88 121 1588 224 P IIII anos nõ faciãt fazẽdira . Et ideo hoc forũ d Salamãca ub do ⁊ cõcedo ut trram d Orrios qibꝰ hoc
91 170 1611 278 forũ do ppletis . Qui istã cartã irrũpe uoluit qomo p mil mr ad regẽ trre . Qui psentes fuert ⁊ uidrt :
92 215 1639 318 Ermigio Meendiz ts . Nuno Sanchis ts . O bispo d Colĩbria ts . Petro Saluadoris ts . Domĩgo m Abril meia
96 295 523 374 do fuit roborata ista carta.
732 270 1286 355 Egeas prsbtr notuit.
