1570 2026
714 1218 1304 1271 In nne sce ⁊ indiuidue tinitatis patis ⁊ f. ⁊ s. s. uniꝰ sũmi Di , faci
723 1254 1311 1298 mꝰ istam cartulã ĩ ipiꝰ nne tinitatis . Ego rex Alfonsꝰ Portugalen
725 1278 1299 1321 una parit cũ filiis mis qi exier ex nb . Vb hoies de Linares qi ibid
725 1305 1306 1352 pplatores estis p mandatũ mm siue qi uenerĩt ad pplandũ , facimꝰ
719 1337 1299 1386 ub cartulã , sct ⁊ fecimꝰ p scipturã ⁊ p pceptũ nrm , ut firmit te
719 1360 1299 1406 neatis et habeatis foro bono, sic habẽt alios hoies cũ meliores
716 1387 1311 1436 foros. ⁊ nõ detis mi nec pgeniei mee nec ullo homini p homicidio
716 1422 1299 1472 ni septimũ adpciadura p ꝯcilio ⁊ p manũ d iudice. Et nllo pcto nc
718 1457 1298 1494 ulla calũnia nõ intet ibi nec mo marino ni iudice de uro ꝯcilio .
721 1475 1301 1527 Et faciatis fossado illa una ps ⁊ la duas ptes stẽt ĩ illa uilla. Et
715 1508 1296 1549 d illa una pars qi habuit ad ire ĩ fosadu ⁊ nõ fuit qomo det ĩ fos
719 1538 1297 1580 sadeira V sl ĩ adpciadura . Et n faciatis fosadu cũ uro senioro
717 1567 1313 1608 ni una uice ĩ ãno aut si plꝰ ura uolũtas fuit . Et pedones nõ faciãt
716 1593 1318 1641 fosadu nec clici . Et nõ intet ii nũcio nc maneria de nllo qo hoie
716 1624 1299 1669 p foro d Linares. Et qi ĩ tmino d Linares filiã alienã rapuit ext
719 1649 1306 1695 suã uoluntatẽ pectet ad pal CCC sl et exeat homicieiro. Si qis
718 1681 1297 1718 aliqis ĩt uos ĩ mcado aut ĩ ecc uel ĩ ꝯcilio a pcon feridu fecit fe
721 1703 1308 1774 rida ad suo uicino q pctet LX.ᵃ sl ad ꝯcilio ⁊ VII.ᵃ ad pal p manu
