1569 2026
265 104 834 151 de nostro iudice. Et d furto qolibet sedeat ii suꝰ dns qi colligat suo
266 130 857 184 cabal et de illa calũnia parciat cũ illo iudice p mediũ . Et qi domũ
270 160 847 211 edificauit aut uineas aut sua heditate honorauit ⁊ uno a
265 190 842 236 in illa sederit et pꝰtea ad aliã tram prexit , qomo suiat illi tota sua
265 217 847 268 heditas nisi habitãs fuit . Et si qesierit illas uẽde , uendat ad qem
260 241 849 292 uoluit p foro d Linares. ⁊ hoies d Linares ui habuĩt iudiciũ l
256 275 852 319 iũcta c hoies d alias tras , hant medianito p lor couto d seu ter
256 298 854 349 minu. Et dono ub foro qd stẽt caualeirꝰ d Linares por ĩfanciones
256 329 854 376 d totas alias tras , in iudicio ⁊ ĩ iuramẽto , touciãt sup illos cũ II.ᵒˢ
260 357 856 404 iuratores. Et illos pedones d Linares qd stẽt ⁊ trouciãt sup illos
256 384 847 432 caualeirꝰ uillanos d totas alias tras in iudicio ⁊ ĩ iuramto , cũ
256 415 852 462 duos iuratores. Et oms qi d sua tra exierĩt cũ homicidio aut
253 440 854 492 cũ muliere rousada uel cũ alia calũnia qlibet sit, ni qd nõ ad
253 476 854 518 ducat mulierẽ alienã , et tornet se ad seniores d Linares sedeat
256 498 852 547 solutꝰ ⁊ dfẽsꝰ p foro d Linares. Et si qis homo d qcũq tra cũ inimi
256 530 852 579 citate aut cũ pignora uenĩt ⁊ ĩ tmino d Linares intratꝰ fuit ,
256 553 846 607 nullꝰ pꝰ illũ ĩtret aut pignora tollat uel malũ illi faciat, pctet
258 584 852 626 ad seniores d Linares qingẽtos sl ⁊ duplet illa pignora aut
261 607 849 656 illos liuores. Et qi hoies d Linares pignorauit ⁊ ĩ ꝯcilio non
261 639 852 690 pecierit ad directũ , pectet ad seniores d Linares LX.ᵃ sl et du
261 670 844 712 plet illa pignora suo dno . Et hoies de alia tra qi caualeiro
265 693 852 741 d Linares descaualqrẽ pctet LX.ᵃ sl . Et hoies d Linares qi alte
268 724 847 763 rũ descaualgar pectet V sl . Et qi hoies d Linares pndi
263 744 857 795 derĩt ĩ psion pctet CCC sl . Et si hoies d Linares pndidĩt ali
265 776 861 825 quẽ hominẽ de aliena tra pctet V sl . Et si hoies d Linares
266 805 863 855 p qlib⁊ fiaduria a medio anno illo nõ reqisierit sedeat solu
265 828 868 882 tus. Et si migtꝰ fut uxor sua ⁊ filii sui sĩt libi . Et nõ soluãt
263 857 856 903 hoies d Linares pignora p seniore nc p maiorino ni p suo ui
270 884 861 940 cino. Et nõ dẽt pousadas p foro d Linares caualeirꝰ nc clici
268 913 861 967 nc uiduas ni pedones p manũ iudicis. Et hoie d Linares
266 942 859 991 qi suos hoies tenĩt ĩ suas heditates aut ĩ suos solares ⁊ n
270 974 854 1024 fuit ibi suo senior ueniat ad sinal d iudice ⁊ dẽt fiador
266 1002 852 1050 ad uinida d suo senior ⁊ faciãt que mãdarẽt , ⁊ calũnia
271 1024 861 1082 qlibet fecĩt sit d suo senior ⁊ VII.ᵃ pars ad palaciũ . ⁊ n
266 1061 861 1114 seruiãt ad ullũ hominẽ ni ad suũ senior ĩ cuiꝰ solare se
266 1088 852 1143 dit . Et sua senara aut sua uinea d illo rege Alfõso tale
270 1119 852 1170 pecto het qle d illos pplatores . Et qi uicino occidit ⁊ ĩ sua
268 1143 847 1197 casa fugierit, qi pꝰ illũ ĩtuit ⁊ ĩ sua casa illũ mactaret
266 1168 866 1229 pctet CCC sl . Et qi mulierẽ alienã ferierit pctet suo uiro XXX.ᵃ
271 1205 857 1252 sl ⁊ VII.ᵃ ad pal . Et qi mulierẽ aforciauit ⁊ illa uoces mit
271 1230 857 1283 tendo uenit ⁊ ille cũ duodecĩ nõ potuit se ind delibare
276 1261 859 1313 pectet CCC sl . Et hoies d Linares qi fiador pararẽt p qlibet
275 1288 864 1338 ca pecierĩt ⁊ ille fiador autorqr cũ duos hoies cõt illum
285 1316 863 1362 ⁊ ille nõ qesierit collige ⁊ sup ipm eũ mactauit , nos toto
276 1340 859 1391 cõcilio ad illo pctet . Et palaciũ d illo rege ⁊ d epo hat
276 1365 869 1416 calũniã . Et tota alia uilla uno foro, ⁊ alio palacio n hat
278 1396 859 1450 calũniã . Et hoies d Linares qi fiador ĩtrar ⁊ entẽtor nõ li
280 1428 864 1480 uuiar ql fiaduria fiar peitar tal. Et si ententor habuit
282 1453 863 1509 mittat illũ ĩ manꝰ ⁊ sic exeat d illa fiaduria. Et d sꝰpecta
278 1487 863 1536 d X sl ariba feirãt duodecim casas a deredor ⁊ iurẽt duo
287 1516 861 1568 hoies . Et d decẽ sl a iuso iure siui outru qlẽ agar qd ui
283 1544 857 1593 cinꝰ sit. Et toto hoie d Linares qi se tornar ad aliũ senior
287 1571 869 1620 qi illi bnefecit , sua casa ⁊ sua heditas ⁊ uxor sua ⁊ filii sui
280 1600 868 1649 sĩt libi ⁊ absoluti p foro d Linares. Et dono ub foro q nõ hatis
283 1629 869 1678 aliũ seniorẽ ni regẽ aut filiũ suũ aut quẽ uos ꝯcilio qesi
292 1659 861 1711 eritis . Et toto hoie d Linares qi deserdadu fuit ⁊ p sua ma
288 1686 863 1738 nu non pectar qomo se torne ad sua heditate ui fuit illa, sine
291 1717 883 1771 ulla calũnia . Et toto hoie d Linares qi heditatẽ habuit ĩ alia
859 104 1430 141 tra nõ faciat fossadu ni p foro d Linares. Et toto hoie d Linares
864 126 1422 172 qi habuit mulierẽ ad bnedictoem ⁊ laxauit illã , pctet I d ad
864 150 1418 197 iudicẽ . Et si mulier laxauit suũ maritũ quẽ ad bnedictos
864 180 1393 227 ht , pectet CCC sl medios ad palaciũ ⁊ mdios ad suũ uirum.
866 212 1408 256 Et d rotela de sua casa c lanzas ⁊ scutos d sua porta adentro
868 243 1411 285 pctet CCC sl , mdios ad suo dno ⁊ mdios ad palaciũ . Et qui de
868 270 1408 312 dit ad suo uicio c spata pctet XL sl ⁊ VII.ᵃ ad palaciũ . Et
866 298 1420 342 d plaga V sl ⁊ VII.ᵃ ad palaciũ . Et qi ddit lãzada ad suo
869 322 1420 366 uicino ⁊ exierit d una parte ad aliã pctet XX sl ⁊ VII.ᵃ ad
869 347 1420 395 palaciũ . Et si nõ troucierit X sl ⁊ VII.ᵃ ad pal . Et d pla
863 379 1437 425 ga un osso exierit pctet X sl qda osso ⁊ VII.ᵃ ad palaciũ . Et
868 401 1442 449 d plaga V sl ⁊ VII.ᵃ ad pal . Et p tota pignora siue d ꝯcilio l
868 438 1437 481 d pal , colligat suo fiador p a foro. Et dono ub qe nõ hat nlla de
864 467 1398 508 fesa nec nullo mõte nc ullo pelago ni illo d toto ꝯcilio . Et
866 487 1432 543 s uro istos tminos : qomo expte cũ Gaudela ⁊ cũ Felgosino, et
866 516 1435 570 ex alia pte qomo expte cũ Celorico, et ex tcia parte qomo expte
869 547 1438 597 p Mõdecũ c Algodres. Et e tminꝰ eiꝰ ꝯ Eidaniã p iugada de Bar
866 575 1440 621 relas ⁊ in p sũmũ d Lõba Farta ⁊ exind sic diuidit c Celori
864 606 1440 648 co. Et illo mõtadigo dl estremo qe mõtẽ caualeirꝰ de Linares c
866 631 1415 675 suo senior ⁊ pndãt sua tcia . Et illo mõtadigo d ganado de Li
864 653 1438 710 nares n sedeat mõtadigo . Et d illa carregadura dẽt ĩ portadi
864 683 1432 734 gu I arẽzo . Et d caualo I sl et d mulo I sl et d asino ul
866 712 1430 759 boue VI d . Et d toto portadigu qi uenit ad Linares ui pou
869 734 1393 781 sada pndit , pndat sua tciã . Qicq hãc sciptam ĩfrĩge uo
871 761 1420 812 luit ⁊ sit excomunicatꝰ ⁊ dãnatꝰ ĩ ppetuũ , amen . Ego rex
873 793 1445 840 Alfonsꝰ Port una Cũ filiis nris ub toto ꝯcilio d Linares hãc
871 817 1452 866 cartã d bono foro roboramꝰ ⁊ ꝯfrimamꝰ . In e M.ᵃ CC.ᵃ VII.ᵃ mẽ
868 847 1437 891 se Septẽbrio . Qi psentes fuer ⁊ audier testes s : Bracare
873 876 1440 923 archieps Dns Ihns ꝯf . Viseo eps Dõnꝰ Gõsaluꝰ ꝯf . Lameco
871 904 1447 950 eps Dõnꝰ Mendꝰ ꝯf . Colĩbie eps Dõnꝰ Micahel ꝯf . Portugal
871 933 1447 977 eps Dõnꝰ Petrꝰ ꝯf . Vlixbone eps Dõnꝰ Aluarꝰ ꝯf . Elbore eps
869 958 1452 1004 Dõnꝰ Sueriꝰ ꝯf . Comes Valascꝰ curie regis dapif ꝯf . Fernãdꝰ
869 992 1386 1041 Alfõsi regis sinif ꝯf . Pe Fnãdi regis Sancii dapif ꝯf .
869 1016 1430 1073 Nuno Fnãdi eiꝰ signif ꝯf . Sueriꝰ Mdi Extmate dns ꝯf .
869 1045 1411 1094 Valascꝰ Fnãdi ꝯf . Petrꝰ Saluadoriz ꝯf . Magr Albtꝰ cãcell .
869 1077 1381 1132 Ego rex Alfõsꝰ dedi p foro a pplatores d Linares de hedita
869 1110 1384 1151 tes trasanas ⁊ qinq ãnos ariba que nõ respõdãt .
868 1129 1440 1186 Ego Alfõsꝰ IIꝰ Di gra Port rex una cũ uxore ma reg Dna
874 1161 1440 1213 Vrraca ⁊ filiis nris infãtibꝰ Dõno S. ⁊ Dõno Alfõso ⁊ Dõna
873 1188 1435 1235 Alionor ꝯcedo ⁊ ꝯfirmo ub pplatoribꝰ d Linares istam cartã ⁊
873 1224 1422 1266 istud for qd ub dedit auꝰ ms rex Dõnꝰ Alfonsꝰ bone memo
874 1251 1430 1294 rie. Et ut hoc mm factũ firmissimũ robur obtineat
873 1278 1444 1325 pcepi fi istã cartã ⁊ eã feci mo sigillo plũbeo ꝯmuniri .
878 1301 1440 1354 Fta carta mense Octobi e M.ᵃ CC.ᵃ L.ᵃ V.ᵃ. Nos sup nnati qi
873 1330 1447 1372 hãc cartã fi pcepimꝰ corã subsciptis illã roborauimꝰ et
878 1352 1450 1403 ea hec signa fecimꝰus +++++. Qi affuer : Dõnꝰ Stephanꝰ
873 1387 1438 1438 Bracar archieps ꝯf . Dõnꝰ Mar Port eps ꝯf . Dõnꝰ Pe Colin eps .
878 1416 1450 1465 Dõnꝰ Suariꝰ Vlixbon epc ꝯf . Dõnꝰ Sueriꝰ Elboren eps ꝯf . Dõnꝰ Pl
878 1443 1467 1494 Lamecen eps ꝯf . Dõnꝰ Barth Visen eps ꝯf . Dõnꝰ Mar Egitanien
878 1477 1464 1524 eps ꝯf . Dõnꝰ Mar Io signif dni regis ꝯf . Dõnꝰ Pe Io maiordo
878 1502 1465 1548 mꝰ curie ꝯf . Dõnꝰ Laurẽciꝰ Suarii ꝯf . Dõnꝰ G. Suarii ꝯf . Dõnꝰ Egi
876 1524 1457 1578 diꝰ Valasqiz ꝯf . Dõnꝰ Fnãdꝰ F. ꝯf . Dõnꝰ Io Fnãdi ꝯf . Dõnꝰ Rodicꝰ
879 1558 1447 1608 Mdi ꝯf . Dõnꝰ Ponciꝰ Alfõsi ꝯf . Dõnꝰ Lopꝰ Alfonsi ꝯf . Mgr Pl
878 1592 1438 1637 cantor Port ts . Petrꝰ Garsie ts . Martinꝰ Peti ts . Vincẽciꝰ
879 1622 1302 1666 Mdiz ts . Ihns Pelagii ts . Petrꝰ Petiz ts .
878 1663 1425 1730 Gunsaluꝰ Mdiz cancellarius dni regis.
1057 1710 1254 1759 Ihns Martini scipsit .
