1569 2026
1250 991 1442 1040 De Felgosino
890 1023 1450 1087 n nne sce ⁊ ĩdiuidue tinitatis patis ⁊ filii ⁊ sps sci ,
884 1072 1433 1112 uniꝰ sũmi di . Facimꝰ istã cartulã ĩ ipiꝰ nne tinitatis .
883 1097 1435 1143 Ego rex Sanciꝰ Portugalẽsis una parit cũ filiis mis qi
883 1129 1472 1175 exier ex nb uel homines d Felgosino qi ibid pplatores estis
876 1161 1460 1205 p mãdatũ mm siue qi uenĩt ad pplandũ . Facimꝰ ub cartu
876 1186 1447 1234 lã sct ⁊ fecimꝰ p sciptrã ⁊ p pceptũ nrm ut firmit tenea
878 1218 1442 1257 tis ⁊ hatis foro bono sicut habẽt alios hoies cũ melio
876 1244 1444 1283 res foros. Et nõ detis mi nec pgenie mee nec ullo hoi
874 1267 1457 1311 p homicidio ni septimũ adpciadura p ꝯcilio et p manũ
869 1296 1452 1345 d iudice. ⁊ nullo pecto nc ulla calũnia nõ intet ibi nec
878 1328 1440 1367 meo marino ni iudice d uro ꝯcilio . ⁊ faciatis fossado illa
879 1352 1449 1396 una pars ⁊ las duas ptes stẽt ĩ illa uilla et d illa una
876 1382 1440 1426 pars qi habuit ad ire ĩ fossado qomodo dẽt ĩ fossadeira
878 1408 1447 1455 V sl ĩ adpciadura . ⁊ nõ faciatis fossado illa una ps
874 1431 1464 1482 ⁊ las duas ptes stẽt ĩ illa uilla ⁊ d illa una ps qi habuit
873 1465 1452 1511 ad ire ĩ fossado ⁊ nõ fuit qomo det ĩ fossadeira V sl ĩ ap
874 1494 1472 1539 ciadura . Et nõ faciatis fossadũ cũ uro seniore ni una
878 1517 1465 1560 uice ĩ ãno aut si plꝰ ura uolũtas fuit . Et pedones n
874 1544 1479 1587 faciãt fossadũ nec clci . Et nõ ĩtet ibi nũciũ nc manaria
874 1566 1479 1622 d nllo qo hoie p foro d Felgosino. Et qi ĩ tmino d Felgosino
873 1593 1491 1651 filiã alienã rausauit extra suã uolũtatẽ , pctet ad placiũ
873 1625 1465 1674 CCC sl ⁊ exeat homizieiru. Si qis aliqis ĩt uos ĩ mcado
873 1659 1450 1706 aut ĩ ecc uel ĩ ꝯcilio a pgõ feridu fecit ferida ad suo
873 1681 1449 1745 uicino qd pctet LX.ᵃ sl ad ꝯcilio ⁊ VII.ᵃ ad pal p manũ
