1570 2026
167 82 721 131 d nro iudice. ⁊ d furto qolib⁊ sedeat ii suꝰ dns qi colligat
165 116 719 158 suo cabdal et d illa calũpnia pariat cũ illo iudice p
167 141 726 190 mediũ . Et qi domũ edificauit aut uineas aut sua he
163 170 733 224 ditate honorauit ⁊ uno ãno ĩ illa sedit et pꝰtea ad
162 199 721 253 aliã trã prexit qomo suiat illi tota sua heditas ubi
162 231 726 270 habitãs fuit . Et si qesierit illas uẽde uẽdat ad qe uo
163 256 728 300 luit p foro d Felgosino. Et hoies d Felgosino ui habuĩt
158 285 728 330 iudiciũ uel iũcta cũ hoies d alias tras hant mediani
158 317 731 357 to p lor couto d seu tmino . Et dou a ub foro qd stẽt ca
158 341 728 386 ualeiros d Felgosino p ĩfanciones d totas alias tras ĩ iu
155 369 733 415 dicio ⁊ ĩ iuramẽto trouciãt sr illos cũ duos iuradores.
153 395 731 442 Et illos pedones d Felgosino qd stẽt ⁊ trouciãt sup illos
152 422 731 471 caualeiros uilanos d totas alias tras ĩ iudicio ⁊ ĩ iuram
152 455 725 498 to cũ duos iuradores. Et oms qi d sua tra exierĩt cũ ho
152 479 728 523 micidio aut cũ muliere rausada uel cũ alia calũpnia
150 508 723 552 qlibet sit ni qd nõ adducat mulierẽ alienã ⁊ tornet
153 538 723 580 se ad seniores d Felgosino, sedeat solutꝰ ⁊ dfẽsꝰ p foro d
152 568 709 609 Felgosino. Et si qis homo d qcũq tram cũ inimicitate
148 594 726 636 aut cũ pignora uenit ⁊ ĩ tmino d Felgosino ĩttꝰ fuit
150 621 713 665 nullꝰ inimicꝰ pꝰ illũ ĩtret aut pignora tollat uel malũ
148 644 713 690 illi faciat, pectet ad seniores d Felgosino qingẽtos sl
150 676 709 723 ⁊ duplet illa pignora aut illos liuores. Et qi hoies
147 700 723 752 d Felgosino pignorauit ⁊ ĩ ꝯcilio nõ pecierit ad direc
150 733 710 775 tũ pectet ad seniores d Felgosino LX.ᵃ sl et duplet illa
147 758 731 805 pignora sua dno . ⁊ os d alia tra qi caualeiro d Felgosino
148 785 731 828 descaualgare pectẽt LX.ᵃ sl . Et homo d Felgosino pro
148 813 731 855 qualibet fiadoria a medio ãno illo nõ reqisierit sedeat
143 840 723 886 solutꝰ . ⁊ si migtꝰ fuit uxor sua ⁊ filii sui sint libi . Et
145 864 731 913 nõ soluãt hoies d Felgosino pignora p senior nc pro maiorino
147 898 735 948 nisi p suo uicino. Et nõ dẽt pousadas p foro d Felgosino caua
145 928 726 972 leiros nec clicꝰ nec uiduas nisi pedones p manũ iudicis.
145 952 716 999 ⁊ hoies d Felgosino qi suos hoies tenuĩt ĩ suas heditates
147 980 728 1031 aut ĩ suos solares ⁊ nõ fuit ibi suo senior ueniãt ad sinal
143 1009 728 1055 d iudice ⁊ dẽt fiador ad uenida d suo senior, faciãt que
145 1041 728 1083 mãdarẽt , ⁊ calũnia qlibet fecĩt sit d suo senior ⁊ VII.ᵃ
145 1070 730 1119 pars ad pal . ⁊ nõ seruiãt ad illũ hoiem ni ad suũ senior
145 1100 728 1143 ĩ cuiꝰ solare sedĩt . ⁊ sua senara aut sua uinea d illo rege
143 1124 713 1168 Sancii tale pectũ hat qle d illos populatores. ⁊ qi uicino
141 1156 726 1203 occidit ⁊ ĩ sua casa fugierit, qi post illũ ĩtuit ⁊ ĩ sua casa
143 1183 730 1234 illũ mactaret pctet CCC sl . Et qi mulierẽ aforciauit ⁊ illa
145 1215 723 1261 uoces mittẽdo uenit ⁊ ille c duodecĩ nõ potuit se ind liba
148 1245 711 1283 re , pectet CCC sl . Et qi mulierẽ alienã ferierit pectet
147 1271 718 1314 a sua uiro XXX.ᵃ sl ⁊ VII.ᵃ ad palaciũ . ⁊ hoies d Felgosino qi
147 1294 726 1337 fiador pararẽt p qlibet calũnia pecierit ⁊ ille fiador ou
145 1323 721 1362 torgar cũ duobꝰ hoies ꝯt illũ ⁊ ille nõ qesierit collige ⁊
143 1347 719 1392 sup ipm eũ mactauit , nos toto ꝯcilio ad illũ pectet ad
145 1377 714 1423 illũ pectet ⁊ palaciũ d illo rege ⁊ d epo hat calũniã ⁊
143 1404 711 1448 tota alia uilla uno foro, ⁊ alio palacio nõ hat calũniã .
145 1433 728 1477 Et os d Felgosino qi fiador ĩtrar ⁊ entẽtor nõ luuar qual
141 1462 718 1505 fiadoria fiar pctet tal. Et si entẽtor habuit mittat illũ ĩ
145 1494 719 1533 manꝰ et sic exeat ad illa fiadoria. ⁊ d sospecta X sl a riba
143 1517 723 1553 feirãt duodecĩ casas a deredor ⁊ iurẽt duo hoies . ⁊ d X sl ad
145 1543 723 1588 iusũ iure siue outro qle agar qd uicinꝰ sit. Et toto hoie d Fel
143 1573 723 1619 gosino qi se tornar ad aliũ senior qi illi benefecit sua casa
145 1598 730 1644 et sua heditas ⁊ uxor sua ⁊ filii sui sĩt libi ⁊ absoluti p foro d
145 1633 710 1671 Felgosino. ⁊ dono ub for q nõ habeatis aliũ seniorẽ nisi
143 1659 733 1701 regẽ aut filiũ suũ aut quẽ uos ꝯcilio quesieritis. Et to
141 1686 728 1744 to hoie d Felgosino qi deserdadu fuit ⁊ p sua manu nõ pei
741 69 1311 128 tar qomo se torne ad sua heditate ubi fuit illa sine ulla.
736 111 1306 158 Et toto hoie d Felgosino qi heditatẽ habuit ĩ alia tra nõ
741 133 1316 185 faciat fossado ni p foro d Felgosinu. Et toto hoie d Felgosino
743 170 1314 222 qi habuit mulierẽ ad benedictoem ⁊ laxauit illã pectet
740 197 1314 244 I d ad iudicẽ . Et si mulierẽ laxauit suũ maritũ pectet
738 221 1314 273 CCC sl , medios ad palaciũ ⁊ medios ad uirũ suũ . Et d de
740 253 1309 303 rotela d sua casa c lãzas ⁊ scutos d sua porta adento pctet
741 278 1319 330 CCC sl , medios ad suo dno ⁊ medios ad palaciũ . Et qi de
741 310 1321 354 dit a suo uicino cũ spada pectet XL sl ⁊ VII.ᵃ ad palaciũ .
736 337 1316 386 Et qi dedit lãcada ad suo uicino ⁊ exierit d una pte ad
741 361 1328 410 aliã pectet XX.ᵗⁱ sl ⁊ septima ad palaciũ . Et si nõ tocierit ,
736 395 1319 445 X sl ⁊ VII.ᵃ ad palaciũ . Et d plaga unde osso exerit pctet
741 422 1328 476 X sl quada osso ⁊ VII ad palaciũ . Et d alia plaga V sl et
736 452 1323 504 VII.ᵃ ad palaciũ . Et p tota pignora siue d ꝯcilio uel d pala
736 482 1328 530 cio colligat suo fiador por a foro. Et dono ub que nõ hat nlla
735 509 1331 560 dfesa nec ullo mõte nec ullo pelago ni illo d toto ꝯcilio . ⁊ sũt
735 540 1331 590 uros istos tminos : ex una pte qomo exparte cũ Linares. Et ex
726 563 1331 611 alia parte quomo exparte cũ Gaudela. Et illo mõtadigo del es
735 592 1330 641 tremo qe mõtẽ caualeiros d Felgosino cũ seu senior et pn
731 622 1338 665 dãt sua tcia . ⁊ illo mõtadigo d ganato d Felgosino n sedeat
731 651 1330 692 mõtadigo . Et d illa carregadura dẽt ĩ portatitico I.ᵒ arẽzo .
733 683 1334 722 Et d caualo I sl ⁊ d mulo I sl . Et d asino uel d boue VI d .
735 702 1335 749 Et d toto portadigo qi uenit a Felgosino ubi pousada pdidit
734 739 1327 777 pndat sua tcia . Qicũq hãc scipturã ĩfrĩge uoluit sit ex
736 756 1330 798 comunicatꝰ ⁊ damnatꝰ ĩ ppetuũ , am . Facta carta d foro ĩ e
736 785 1328 834 M.ᵃ CC.ᵃ XX.ᵃ V.ᵃ. Ego rex Dõnꝰ Sãciꝰ una cũ uxore ma reg
736 815 1326 861 Dna Dulcia ⁊ filiis ⁊ filiabꝰ mis ub moratoribꝰ d Felgosino
736 844 1314 888 hãc cartã roboro ⁊ ꝯfirmo . Qui psẽtes fuer : Godinꝰ Bcar
738 871 1316 915 archieps ꝯf . Ih Visen eps ꝯf . Mar Colĩbien eps ꝯf . Dõnꝰ
741 903 1321 948 Petrꝰ Fernãdi ꝯf . Egas Ãriqiz ꝯf . P. Mazaneira ts . Co
736 925 1326 979 mes Dõnꝰ M. Gunsl ꝯf . Dõnꝰ Ermigiꝰ qi tc trã tenebat ꝯf .
735 957 1341 1007 Dõnꝰ P. Alfonsi ꝯf . Dõnꝰ Aluarꝰ ꝯf . Fnã Bispo ts . Reimon
738 991 860 1033 Mndiz ts .
740 1007 1331 1058 Ego A IIꝰ Di gra Port rex una cũ uxore ma reg Dna Vr
741 1046 1336 1087 raca ⁊ filiis nris infantibꝰ Dõno Sancio ⁊ Dõno Alfõso ⁊ Dõna
740 1073 1335 1122 Alionor hãc cartã ⁊ istud for q pat ms excellẽtissime memorie
738 1099 1324 1148 rex Dõnꝰ Sãciꝰ fecit ⁊ ꝯcessit ub pplatoribꝰ d Felgosino ꝯcedo .
733 1132 1319 1173 Ego eis ⁊ ꝯfirmo p hoc sciptũ . Et ut ꝯcessio ⁊ ꝯfirmacio ma maiꝰ
736 1161 1321 1207 robur obtineat firmitudinis pcepi hãc cartã scibi ⁊ sigillo mo
740 1193 1313 1232 plumbeo ꝯmuniri . Que carta fuit fca apd Colĩbiam mẽse
736 1217 1306 1261 Nouẽbi e M.ᵃ CC.ᵃ L.ᵃ V.ᵃ. Et ego ⁊ uxor ma ⁊ filli nri sup
735 1244 1328 1291 nnati qi hãc cartã fieri pcepimꝰ corã subsciptis eã robora
738 1267 1255 1316 uimꝰ ⁊ ĩ ea hec signa fieri iꝰsimꝰus +++++.
735 1296 1328 1338 Qi affuer : Dõnꝰ Stephanꝰ Bracar archieps ꝯf . Dõnꝰ Mar
736 1327 1326 1365 Port eps ꝯf . Dõnꝰ Petrꝰ Colĩbien eps ꝯf . Dõnꝰ Suariꝰ Vlix
735 1352 1316 1391 bonen eps ꝯf . Dõnꝰ Suariꝰ Elboren eps ꝯf . Dõnꝰ Plagiꝰ
735 1377 1324 1419 Lamecen eps ꝯf . Dõnꝰ Bartholomeꝰ Visen eps ꝯf . Dõnꝰ
735 1408 1321 1453 Martinꝰ Egitanien eps ꝯf . Magr Plagiꝰ cantor Port
740 1438 1331 1475 ts . Petrꝰ Garsie ts . Ihninꝰ ts . Dõnꝰ Mar Io signifer dni
735 1462 1324 1504 regis ꝯf . Dõnꝰ Petrꝰ Io maiordomꝰ curie ꝯf . Dõnꝰ Lau
738 1490 1331 1534 rẽciꝰ Suarii ꝯf . Dõnꝰ Gomeciꝰ Suarii ꝯf . Dõnꝰ Io Fnãdi ꝯf .
735 1517 1323 1556 Dõnꝰ Fernãdꝰ Fernãdi ꝯf . Dõnꝰ Egidiꝰ Valasqiz ꝯf . Domnꝰ
738 1543 1324 1587 Rodicꝰ Mdiz ꝯf . Dõnꝰ Ponciꝰ Alfõsi ꝯf . Dõnꝰ Lopꝰ Alfonsi ꝯf .
736 1573 1324 1632 Vĩcẽciꝰ Mdiz ts . Martinꝰ Peti ts . Gunsaluꝰ Mdiz cancell
738 1607 850 1649 curie ꝯf .
