1569 2026
165 1060 273 1142 D Pinhel
295 1078 879 1137 n nne sce ⁊ ĩdiuidue tinitatis patis ⁊ filii ⁊ sps s. , am .
288 1110 881 1164 Ego rex Sanciꝰ ĩclite memoria regis Alfõsi filiꝰ un
292 1139 881 1200 parit cũ filio mo rege Alfonso ⁊ aliis filiis ac filiabꝰ ub
283 1168 881 1222 pplatoribꝰ de Pinel facimꝰ cartã ⁊ ꝯcedimꝰ . Damꝰ ub forũ
288 1202 878 1256 ⁊ cꝰtume d Elbora tã psentibꝰ quã futuris ut duas p
287 1227 884 1281 tes dos caualeiros uadãt ĩ fossado, ⁊ tcia pars remane
288 1259 879 1308 at ĩ Pinel, ⁊ una uice faciãt fossado ĩ ãno . Et qi n fue
297 1288 879 1338 rĩt a fossado, peitet p foro V d p fossadeira. Et p ho
292 1313 881 1362 micidio pecte C sl a palatio. ⁊ p casa derota c armas
292 1347 872 1394 scutos ⁊ spatas pectet CCC sl ⁊ septima a palato . Et qi
295 1374 884 1426 furtaret pectet p uno noue, ⁊ hat ĩtentor duos qinio
293 1401 884 1448 nes ⁊ septẽ ptes a palacio. Et qi mulier aforciaret ⁊ il
293 1431 884 1482 la clamãdo dixit q ab illo e aforciada, ⁊ ille negaret, det
295 1462 884 1512 illa auctorgamẽto de tres tales qlis ille fuit ⁊ ille iu
300 1495 889 1537 ret cũ duodecĩ . Et si nõ habuit outorgamẽto , iuret ipe
298 1517 879 1571 solꝰ ⁊ si nõ potuerit iurare, peite ad illa CCC sl ⁊ septi
298 1548 888 1600 ma a palacio. Et testimonia mẽtirosa ⁊ fidele mẽtiroso
300 1573 886 1624 peite LX sl ⁊ septima a palacio ⁊ duplet el auer. ⁊ qi in
302 1602 886 1647 cõcilio aut ĩ mercado ul ĩ ecc feriret, peite LX sl , me
300 1632 886 1678 dios a palacio ⁊ medios ad ꝯcilio . Et d medio d cõcilio , sep
304 1654 886 1713 tima a palacio. Et hoie qi fuit gẽtile aut eredoro, qe nõ
304 1686 886 1738 seat meirino. Et qi ĩ uilla pignos afflãdo ⁊ fiador ⁊ ad
304 1718 896 1779 mõtẽ fuit pẽdrar , duplet la pẽdra et peite LX sl et
864 81 1433 136 septima ad palacio. Et qi nõ fuit a sinal d iudice ⁊ pig
874 108 1437 163 nos sacudiret ad saiõ , peite I sl ad iude . Et qi nõ fuit
868 138 1432 185 ad apelido caualeiros ⁊ pedones, exceptis his qi s ĩ ser
866 160 1442 214 uicio alieno, miles pectet X sl , pedõ V sl ad uicinos.
868 190 1430 248 ⁊ qi habuit aldeia ⁊ uno iugo d boues ⁊ XL oues ⁊ uno
869 214 1442 273 asino ⁊ duos lectos ꝯparet caualo. Et qi crebãtauit sinal
869 253 1440 305 cũ sua mulier, peite I sl . Et mulier que laxauit mari
868 273 1455 327 tũ suũ d bndictoe peitet CCC sl , ⁊ septima a palacio.
864 307 1428 366 Et qi laxauit mulierẽ suã peitet I d ad iudice. Et qi ca
869 334 1445 393 uallo alieno caualgaret, p uno die peitet I carnariũ
864 368 1438 413 ⁊ si magis pectet las angueiras p uno die VI d ⁊ pro
868 390 1445 444 una nocte I sl . Et qi feriret d lãcea aut de spata pol'ãt
871 422 1442 481 da pectet X sl , ⁊ si trociret ad alta pte peitet XX sl
868 452 1447 504 ad quereloso. Et qi crebãtauit oclm aut brachiũ aut
869 474 1460 533 dẽte , p unoqo mẽbro pctet C sl a lisado, ⁊ ille det septimã
869 507 1443 561 ad palaciũ . Qi mulier alienã an suo marito feriret,
873 535 1457 592 pectet XXX.ᵃ sl ⁊ septima a placio . Qi moiom alieno ĩ suo
873 565 1450 622 ero mudaret, pectet V sl ⁊ septima a palcaco. Qi limde
874 590 1445 646 alieno cebãtauit , pctet V sl ⁊ septima a placio . Qi con
872 625 1451 675 ducteiro alieno mataret, suo amo pectet colligat homi
875 651 1449 698 cidio, ⁊ det septima a palacio. Simlr de suo ortolano ⁊ de
876 673 1455 723 qteiro ⁊ d suo molleiro ⁊ d suo solarẽgo . Qi habuit uasa
874 695 1459 751 los ĩ suo solar aut ĩ sua heditate nõ suiãt ad alto hoie
875 727 1447 778 d tota sua faciẽda ni a dno d solar. Tendas ⁊ molinos ⁊
876 757 1448 808 fornos d hoies d Pinel sĩt libi d foro. Milites d Pinel sĩt
880 784 1457 839 ĩ iudicio p podestades ⁊ ĩfanciones d Portugal. Clici uo
881 813 1457 868 hant mores militũ . Pedones sint ĩ iudicio p caualeiros
881 846 1457 895 uilanos d alta tra . Qi uenit uozeiro ad suo uicino p
886 870 1460 925 hoie d foras uilla pctet X sl ⁊ septima a palacio. Ganado
881 899 1466 953 d Pinel nõ sit mõtado ĩ nulla tra . Et hoie qi se anafra
883 929 1474 982 get suo adextdo , quis hat aliũ , sedeat excusato usq ad
884 957 1467 1013 capd ãni . Mãcebo qi mactaret hoiem foras uille ⁊ fugit ,
883 985 1449 1038 suo amo nõ pectet homicidio. P totas qerelas d palacio,
887 1013 1467 1065 iudice sedeat uozeiro. Qi ĩ uilla pĩdrar cũ saione ⁊ sa
887 1045 1469 1096 cudirẽt ei pignos outorger saiom ⁊ pndat cõcilio d tres
886 1072 1464 1126 collaciones ⁊ pĩdret p LX sl , mdios ad cõcilio ⁊ medios
886 1102 1457 1154 ad rancuroso. Barones de Pinel nõ seam ĩ pstamo da
888 1127 1474 1178 dos. Et si hoies de Pinel habuĩt iudiciũ cũ hoies d alia
888 1156 1471 1212 tra nõ curat ĩt illos firma ⁊ currat pesqisa , aut reto. Et
890 1178 1491 1242 hoies qi quesierĩt pousar cũ suo ganato ĩ tminos d Pinel,
891 1217 1462 1269 pndãt d illis mõtadigo , da gege das oues IIII.ᵒʳ carneiros,
891 1242 1462 1298 ⁊ do busto das uacas I uaca. Isto mõtadigo e d cõcilio .
891 1267 1469 1320 ⁊ hoies milites qi fuerĩt ĩ fossado l ĩ gdia hoies caua
890 1300 1474 1354 los qi se pdiderĩt ĩ algara l ĩ lide, pimꝰ erectetis eos sine
892 1327 1485 1381 qinta , ⁊ postea detis nb qintã directam. Et toto hoie d Pinel
895 1355 1486 1408 qi ĩuenit hoies d aliis ciuitatibꝰ ĩ suis tminis taliãdo ad
895 1381 1482 1440 leuãdo madeira d mõtes pndãt totũ q ĩnuenĩt sn calũp
895 1414 1467 1472 nia . D azarias ⁊ d guardias qintã ptẽ nb date sn ulla
895 1440 1484 1497 offrecioe . Qicũq ganatũ domesticũ pignore l rape fit .
901 1474 1482 1527 pectet LX.ᵃ sl ad placiũ , ⁊ duplet ganatũ a suo dno . Testa
896 1504 1476 1558 mꝰ uo ⁊ phẽnit firmamꝰ ut qcũq pignorauerit mca
898 1533 1474 1580 tores l uiatores xpianos , iudeos siue mauros, ni fuit fi
901 1563 1467 1614 deiꝰsor l debitor, qicũq fecit pectet LX.ᵃ sl a placio ⁊ du
901 1588 1469 1644 plet ganatũ q prẽderit a suo dno , et ĩsup pectet C
901 1615 1484 1668 mr p capto q fregit. Rex hat medietatẽ ⁊ cõciliũ me
900 1646 1481 1700 dietatẽ . Si quis ad nram uillã uenit p uim cibos aut
900 1676 1489 1730 aliq res accipe ⁊ ibi mortuꝰ ul pcꝰsꝰ fuit , nõ pectet pro
901 1708 1482 1764 eo aliq calupnia nc suor parẽtum homicide habebãt .
