1677 2226
226 179 740 228 nc de uiduas nc de clicos ni p manũ de iudice ĩ casa de
226 213 727 259 peones. Et homines de Castaiciõ qi homines tenuint
223 246 732 283 ĩ suas heditates aut ĩ suos solares ⁊ n fuit ii suo senior
226 273 745 312 ueniat ad sinal de iudice ⁊ det fiador a uenida de suo se
227 301 740 342 nior ⁊ faciant q mãdarẽt . ⁊ qlib⁊ calumpnia fecit sedat
225 333 746 372 de suo senior ⁊ VII.ᵃ ad palacium. Et n suiat a nullo ho
226 362 742 401 mine ni a suo dno in cuiꝰ solar sedit . Et sua senara aut
223 385 716 425 suas uineas de rei tal cautũ hant qomo de uicino de
226 416 721 458 Castaiciõ . Et qi uicino mactauit ⁊ ĩ sua casa fugit qi
223 447 727 486 pꝰ illum ĩtrare ⁊ ĩ sua casa lo matar pectet CCC sl ad
225 469 737 511 parentes de mortuo. Et qi mulier aforciauit ⁊ illa uo
223 502 739 544 ces mittẽdo uenit ⁊ ille cũ XII n potuit se saluare pc
222 534 727 568 tet CCC sl a la mulier ⁊ ad suos parẽtes . Et qi mulier
225 560 732 602 alienã ferir pectet a suo marido XXX.ᵃ sl ⁊ VII.ᵃ ad pal . Et
225 594 724 629 homes d Castaiciõ qi fiadores parar p q calumpnia ille
223 622 725 664 pecit ⁊ el fiador outorgar cum duos uicinos ⁊ ille non
221 650 728 693 quesit collige fiador ⁊ super ipm occidit nos toto ꝯcilio
225 677 730 722 pectabimꝰ ipiũ homicidiũ . Et palacio regis ul epo hat
222 707 732 748 calumpnia. Et tota alia uilla hat uno foro ⁊ alio palco
222 737 729 774 n hat calumpia . Et homies de Castaiciõ qi fiador ĩtrar
223 765 734 800 ⁊ ꝯtẽptor n habuit qle fiadura fiar tale pectet. Et si ꝯ
221 791 738 829 tẽtor habuit mittat illũ ĩ manibꝰ ⁊ exeat d illa fiadu
223 817 727 859 ria. Et d suspecta de X sl ad riba cognomin⁊ XII ui
221 848 732 884 cinos ĩ redor sua casa ⁊ iuret cũ los duos ⁊ exeat de la ca
222 871 729 912 lũpnia ⁊ X sl a iuso iuret siue ⁊ outo qles achiar qos uici
222 902 716 941 nos sedant . Et toto homine de Castaiciõ qi se tornar ad
220 926 722 972 aliũ seniorẽ regẽ aut filios suos aut quẽ ꝯcilium
221 959 730 1001 uoluit . Et toto homie de Castaiciõ qi heditatẽ habuit
220 984 727 1028 ĩ alia tra nõ faciat fossatum ni p forũ de Castaiciõ . Et
220 1014 727 1054 toto homine de Castaicion qi habuit mulierẽ ad bndicoem
222 1043 729 1083 ⁊ lexauit illã pectet ad iudicẽ I d . Et si mulier suũ ma
221 1075 728 1111 ritũ laxauit qi habuit de bndicoe pectet CCC sl , mdios
218 1105 734 1147 ad pal ⁊ mdios ad maritũ suũ . Et de casa derrota cũ scu
220 1132 721 1173 tos ⁊ c lanzas qi la derrõp pectet CCC sl , mdios ad donũ
218 1162 727 1203 de ipa casa ⁊ mdios ad pal . Et qi dedit ad suũ uicinũ cũ
221 1194 723 1236 spada pectet XL sl ⁊ VII.ᵃ ad pal . Et qi dedit cũ lanza
218 1226 719 1265 ad suũ uicinũ ⁊ exit de una parte ad aliã pectet XX
220 1253 722 1297 sl ⁊ VII.ᵃ ad pal , ⁊ si n exierit pectet X sl ⁊ VII.ᵃ ad pal .
221 1282 725 1323 Et de plag un osso exierit cada osso X sl ⁊ VII.ᵃ ad pal .
220 1314 728 1355 Et p tota pignora siue de ꝯcilio siue de palacio colli
217 1343 724 1387 gat fiador super illa pignora p ad foro. Et dono ub q n
220 1371 725 1414 hat nulla defesa nc nullo mõte nc nullo pelago ni de to
217 1398 728 1451 to ꝯcilio . Et d plaga un osso exit cada osso X sl ⁊ VII.ᵃ ad
220 1439 727 1479 pal ⁊ d alia plaga V sl ⁊ VII.ᵃ ad pal . Et illo mõtadigo
218 1467 725 1508 d tminoo de Castainciõ mõtẽ lo caualeiros de Castaiciõ
220 1497 723 1537 cum suo senior ⁊ pndant in tciã . Et nullo ganato
218 1528 722 1565 de Castaiciõ n sedeat mõtado . Et de portatico de pane
220 1554 719 1592 ⁊ de uino dent d la car III ml . ⁊ d caualo ⁊ d mulo qi
220 1579 714 1621 lo uendit I sl . ⁊ d boue ⁊ d asino VI d . De carneiro
218 1607 725 1652 aut d cap aut d porco III ml . Et de toto portatico q
218 1636 730 1683 ad Castaiciõ uenit pndat suo hospite la tcia . Et de to
217 1668 723 1709 to homine d Castaiciõ qi deserdado fuit ⁊ p sua manu
218 1689 717 1739 n lo pectar tornet se ad suã heditatẽ ui illa fuit sn ca
218 1717 712 1799 lumpnia. Facta fuit h carta apd Ripã d Mõteco III.ᵒ
781 175 1291 228 Kl Augusti E M.ᵃ CC.ᵃ XXX.ᵃ IIII.ᵃ. Nos reges qi hanc
779 217 1286 254 cartam fi pcepimꝰ corã subsciptis eã roborauimꝰ ⁊ p illos t
781 242 1293 285 minos qos homo nr Suariꝰ Suarii cũ militibꝰ nris Alfõ
779 273 1284 310 so Peti de Airoa ⁊ Peto Pl de Gimõdi ⁊ Fernãdo Pl d Int
780 305 1287 337 Auẽ ⁊ Astẽ p mãdatũ nrm ub assignauit pdtm castel
779 331 1277 373 lũ habendũ ꝯcedimꝰ . Et ex alia parte p illos tminos qos
777 362 1292 401 ĩ antea habebatis. Martinꝰ Bracaren archiepc ꝯf . Marti
781 388 1277 425 nus Port epc ꝯf . N Visen epc ꝯf . Petrꝰ Lamecen
779 414 1272 451 epc . Gonsaluꝰ Mdi maiordomꝰ curie. Rodicꝰ Mdi signif
780 442 1272 484 regis. Dõnus Gonsaluꝰ Gunsalui ꝯf . Rodicꝰ Suarii qi
781 476 1277 515 tc tenebat tram . Rodicꝰ Valasqiz Trõcosum ꝯf . Io Fnã
781 503 1292 547 di dapif regis ꝯf . M. Fnandi ꝯf . Laurẽciꝰ Gomez d Lau
781 535 1277 572 sela affuit. P. Muniz ts . Fernãdus Nuniz ts . Petrus
781 560 1272 604 Mdi ts . Egeas Peti ts . Iulianꝰ notariꝰ curie. Ãno regis
777 586 1020 630 nri XI.ᵒ Fernãdus Peti scipsit .
1046 589 1270 636 qi bnfecit suas casas ⁊
777 622 1288 661 suas heditates uxor sua ⁊ filii sui sint libri et soluti p fo
780 652 1272 693 ro de Castaiciõ . Et do ub for q n hatis aliũ seniorẽ ni
779 677 881 730 regem
769 686 1278 756 Ego Alfonsus IIꝰ Di gra Port rex una cũ uxore
779 737 1288 779 ma regina Dna Vrr ⁊ filiis nris ĩfantibꝰ Dõno S.
779 765 1281 802 ⁊ Dõno A. ⁊ Dõna Alionor, hanc cartã ⁊ istud for q pat
779 792 1283 833 ms excelentissime memorie rex Dõnus Sancius
779 819 1289 858 fec ⁊ ꝯcessit pplatoribꝰ d Castaiciõ cõcedo ego eis ⁊ ꝯfir
780 844 1297 882 mo p h sciptũ . Et ut ꝯcessio ⁊ ꝯfirmato ma maiꝰ rob ob
775 873 1313 912 tineat firmitudis , pcepi hanc cartã scibi ⁊ sigillo mo plũ
779 906 1282 947 bo ꝯmuniri . Qe carta fuit fca apud Colimbiam mẽse
779 929 1287 973 Nouẽbis E M.ᵃ CC.ᵃ L.ᵃ V.ᵃ. Nos reges qi hanc car
776 959 1277 995 tam fi pcepimꝰ coram subsciptis eam roborauimꝰ ⁊ ĩ ea
776 984 1289 1028 h signa fecimus ++++++. Qi affuerũt :
774 1012 1289 1053 Dõnus Stephanꝰ Bracaren archiepc ꝯf . Dõnus Mar
779 1044 1292 1082 Port epc ꝯf . Dõnus Petrꝰ Colimbrien epc . Dõnus S.
774 1074 1296 1114 Vlixbonen epc . Dõnus S. Elboren epc . Dõnus Pla
772 1101 1304 1150 gius Lamecen epc . Dõnus Bartolameꝰ Visen epc . Dõ
777 1134 1293 1178 nus Martinꝰ Egitanien epc ꝯf . Dõnus Martinꝰ signif
774 1161 1292 1206 dni regis ꝯf . Dõnus Petrꝰ Ihis maiordomꝰ curie ꝯf .
775 1194 1292 1231 Dõnus Laurenciꝰ Suarii. Dõnus Ihns Fernãdi . Dõnꝰ
774 1225 1272 1261 Fernandꝰ Fernandi. Dõnus Gomeciꝰ Suarii. Dõnus
775 1251 1280 1296 Gil Valasquiz. Dõnus Rodicꝰ Mdi . Dõnus Ponciꝰ
774 1288 1272 1329 Alfonsi. Dõnus Lopꝰ Alfonsi ꝯf . Magr Plagius
774 1315 1287 1356 cantor Port ts . Petrus Garsie ts . Martinus Petri ts .
776 1339 1301 1385 Ioanninꝰ ts . Vincenciꝰ Mdi ts . Petrus Petri ts . Gun
773 1367 1055 1417 saluus Mdi cancellariꝰ curie.
