1677 2226
1140 658 1239 699 Carta de
1105 684 1187 727 Penela
756 680 1098 723 n Di nne . Ego Adefonsus infans filius
759 712 1246 751 Hanrici comitis ⁊ regine Tharasie facio cartam dona
758 737 1239 776 tionis ⁊ firmitudinis ub homines de Penela cunctis q
759 769 1255 800 ibi habitauit dono atq ꝯcedo ub mm castellum cũ suis
755 790 1251 833 tminis cũ montibꝰ ⁊ fontibꝰ tris ⁊ pascuis ruptos ⁊ n rup
756 819 1240 857 tos cuiꝰ uo isti sũt tmini . De illa cabeza de Mata Fura
754 842 1240 876 da ⁊ fert in Dueca ⁊ uadit ad illam cabeza de Albarol
758 869 1241 910 ⁊ fert ĩ illa Taliada ⁊ uadit p illo lombo raso ⁊ fert ĩ
754 895 1247 937 illa uia antiq da serra ⁊ qomo currit aq ad illum flumẽ
753 926 1239 962 de Alsie ⁊ uadit p illum flumen ⁊ fert ĩ directũ ad ip
753 950 1237 986 sum portũ de Lagenas ⁊ pgit a cabeza de Ouelia ⁊ descẽ
751 972 1245 1016 dit p illa Valle de Pito ⁊ uadit a Figeiroa ⁊ intrat ĩ illa
753 1000 1239 1047 aq de Ladeia usq ĩ illo Vlmar ⁊ fert ĩ cabeza de Mata
753 1030 1246 1072 Furada. Dono atq ꝯcedo ub ipm castrũ cum suos ob
753 1064 1240 1105 timos foros. De uno iugo bouũ II qr mediũ titici ⁊
753 1089 1235 1137 mediũ ordi . Et qntum habeat unus hoie plꝰ boues
753 1127 1251 1166 nõ det plus de II qr . Et illi qi ibi habitauit uineas
751 1150 1245 1195 ⁊ habuint V.ᵉ qinales deind dent ind duos puzales ⁊
754 1178 1239 1226 nũq plus ⁊ nõ uadat maiordomus ad suo lagar. De
751 1209 1244 1251 cuo uno lombo. De porco duas costas. Mõteiro qe n der
750 1241 1235 1281 iugada ⁊ fuit ad monte des cando habuit ĩ mõte octo
753 1266 1241 1313 dies det alqeire de mel ul aratal de cera. Et colmariꝰ
751 1296 1239 1339 uno conelio cum sua pelle. Et miles qntos homines
751 1326 1244 1368 potuint habe ĩ sua heditate sint salui. Mulier si uir
753 1351 1246 1391 eiꝰ miles mortuus fuit qntum fuit uidua nõ det iuga
753 1381 1246 1419 da. Miles si forte euenit ĩ miseria ⁊ ĩ pauptate nõ det
755 1402 1244 1445 iugadã . Oms qi ibi habitauint habuitq duo iuga boum
754 1433 1244 1469 ⁊ decẽ oues ⁊ duas uacas ⁊ uno lecto de panos illum qd
754 1460 1242 1502 habuit plus emat in cauallo. De homicidio ⁊ de rauso
754 1486 1244 1530 intꝰ pfectum XXX sl , et foras XV sl . De latone V sl ⁊ p
751 1517 1241 1554 cuciant illum ante ⁊ retro. De illa atalia rex media ⁊ ha
751 1544 1241 1589 bitatores alia media. De uigilia de muro rex media ⁊ habi
753 1577 1256 1610 tatores alia media. De pua cum scuto ⁊ cum lancea ille
753 1601 1252 1641 qi cecidit donet II sl . Et de porrina I sl . De iudice pcus
751 1632 1249 1670 so X sl . De saione pcusso V sl . Et omias alias calũpni
754 1655 1258 1696 as q ibi fuint facte nõ aponant aliq rẽ sed faciant iu
753 1684 1254 1727 dicium int se ⁊ ꝯueniãt se bene. Et si aliquis ho n uo
751 1710 1244 1757 luit intrare ĩ iudiciũ uicinor suor uendat illud qd
753 1743 1260 1794 habuit totum ibi ⁊ exeat de nro castello. Ho qi fuit ad
