1578 2155
663 1407 902 1440 Forum de Monzom
373 1422 902 1499 In xpi nomie ⁊ eiꝰ gra . Notum sit omibꝰ psentes
391 1474 911 1521 littas inspcturis q ego Alfonsꝰ Di gra Rex Port una
400 1503 909 1551 cũ uxore ma Regina Dõna Beatice illustris Reg
393 1530 911 1583 Castelle ⁊ Legion filia ⁊ filia nra infanta Dõna
388 1555 920 1619 Blanca facio qndam pplationẽ ĩ cauto de Maazedo
390 1587 907 1643 ⁊ ĩpono ei d nouo nomẽ Monzõ et de hoibꝰ po
397 1616 909 1677 pulatoribꝰ psentibꝰ ⁊ futis eiusdã loci d Monzõ ⁊
406 1648 916 1722 qntũ habeo ĩ cauto d Maazedo qomo diuidit p ptẽ
947 111 1459 158 de Guedayna ⁊ dinde p pontẽ d Torpeerit ⁊ dinde
945 143 1469 181 p portũ d Lamas ⁊ qomo uadit directe ad portũ
959 170 1479 208 de Iogo ⁊ dinde p portũ d Sẽrra ⁊ dind ad Figueyrã
957 197 1443 240 d Frade ⁊ deind diuidit cũ cauptis de Sco Iohne d
956 231 1452 274 Longouares ⁊ de Reeriz qomodo uadit ad Miniũ .
957 258 1445 296 Do etiam eis qtuor casalia q habeo in caupto sci
957 287 1461 331 Iohnis d Longouares p sua heditate ppia ⁊ p suis
957 320 1458 359 tminis . Et do eis ⁊ ꝯcedo forum ⁊ cartam qualẽ
956 340 1455 389 habent hoies d Valencia de Ripa d Minio q talis
957 368 1454 417 e . In pimis ꝯcedo ubs ut non detis p homicidio nisi
949 401 1453 444 trescentos sl ĩ apciadura ⁊ de illis trescentis so
951 428 1463 475 lidis detis inde septimã ad palatiũ p manũ iud
950 457 1458 499 icis ⁊ ĩ aliqo pcto ul in aliq calũpnia nõ intret
955 490 1452 533 ms meyrinꝰ ni iudex d uro ꝯcilio ⁊ tcia ps d uro
948 520 1443 562 concilio faciat fossatũ ⁊ alie due ptes stent
953 547 1454 593 ĩ ura uilla ⁊ d illa tcia q debuit face fossatum
954 578 1454 623 ille qi ibi uo fuit pctet p fossadaria qinq sl in a
953 602 1448 645 pciadura ⁊ nõ faciatis fossatũ ni cũ dno uro una
955 632 1448 676 uice ĩ anno ni fuit p beneplacitũ urm . Et clici
948 662 1458 706 ⁊ pedones non faciant fossatũ . Et nõ intrent
953 688 1465 733 ibi nũciũ neq maneria de aliqo homie d Monçõ .
951 720 1463 757 Et qi ĩ tmino de Monçõ filiã alienã rapuit ꝯtra
954 749 1451 792 suã uolũtatẽ pectet ad palatiũ trescentos sl
943 772 1461 817 ⁊ exeat p homicida. Et si aliqis int uos in mcato
950 802 1467 845 aut ĩ ecclia aut in concilio pconato pcusserit
954 832 1464 878 suũ uicinũ pectet sexaginta sl ad ꝯciliũ ⁊ sit
955 862 1453 909 inde septima d palatio p manũ iudicis. Et d ql
953 891 1466 941 furto dns furte recipiat suũ cabũ ⁊ alias VIII.ᵒ
957 923 1437 962 ptes diuidat cũ iudice p mediũ . Et ille qi do
957 954 1451 993 mũ fecit aut uineã aut heditatẽ suam hono
957 975 1459 1020 rauit ⁊ uno anno ĩ illa sedit si postea ĩ alia trra
954 1005 1459 1054 habitare uoluit , seruiat ei sua heditas ibicũ
953 1035 1457 1078 habitauit . Et si illam uoluit uende uendat
951 1065 1459 1108 cui uoluit p forum d uilla ura ⁊ hoies d Mon
953 1099 1447 1134 çõ qui debuerĩt face iudiciũ aut uĩcam cũ
951 1125 1453 1173 homibꝰ d aliis trris habeant illud ĩ capite su
951 1152 1458 1199 or tminor . Do ub p foro q miles d Monzõ
955 1181 1458 1228 stet p infancione d toto meo regno ĩ iudicio
949 1210 1453 1259 ⁊ ĩ iuramto ⁊ uĩcat ipm cũ duobꝰ iuratori
949 1239 1457 1281 bꝰ ⁊ pedes stet p milite uillano d totis trris
956 1267 1457 1310 mis ĩ iudicio ⁊ ĩ iuramto ⁊ uĩcat cũ duobꝰ
951 1297 1476 1339 iuratoribꝰ . Et homies qui d suis tris exierĩt
950 1330 1460 1364 cũ homicidio aut cũ muliere rousada ul cũ
950 1351 1465 1397 alia qlibet calũpnia excepto q nõ ducat m
954 1376 1465 1425 ulierẽ alienã de benedicionibꝰ ⁊ fecit se ua
949 1407 1455 1449 ssalum d aliquo hoie d Monçõ sit liber ⁊ d
957 1433 1443 1483 fensꝰ p forum d Monzõ . Et si homo d qlib⁊
948 1463 1459 1513 alia terra uenit cũ inimicicia aut cũ pigno
951 1490 1464 1539 ra postq ĩ tmino d Monzõ intrauit si inimicꝰ
951 1519 1466 1570 eiꝰ post ipm ĩtroyerit ⁊ ei pignꝰ abstulerit
949 1548 1472 1595 aut aliqd malũ ei fecit pectet dno qui tenuit
948 1580 1460 1630 Monzõ qingentos sl ⁊ duplet pignꝰ ei cui ab
950 1607 1453 1659 stulerit ⁊ liuores qos fecit . Et qui hominẽ de
947 1637 1469 1685 Monzõ pignorauit ⁊ an nõ pecierit eũ in cõ
939 1665 1452 1726 cilio uro pectet ad palatiũ sexaginta sl ⁊
