1579 2155
150 101 644 148 duplet pignorã illi cui abstulerit ⁊ homo de alia
155 131 634 178 trra qui militẽ d Monzõ descaualgauit pctet
156 162 642 208 sexaginta sl . Et homo de Monzõ qui militem
150 195 636 237 de alia terra descaualgauit pctet V.ᵉ sl ⁊ si ho
153 221 643 266 de alia tra aprehenderit hominẽ d Monzom ⁊ eũ
154 250 636 298 ĩ psionẽ miserit pectet trescentos sl ⁊ si homo
150 282 654 325 de Monzom aphendit hominẽ d alia trra pctet
155 312 640 355 qing sl . Et si homo de Mõzom p aliq fideiussoraa
153 335 638 384 p mediũ annũ nõ fuit reqisitꝰ sit liber d illa et
158 366 639 411 si mortua fuit mlier ⁊ filii eiꝰ sint libi d illa. Et
154 395 634 440 homies d Monzõ nõ soluant pignora p dno de
152 426 630 469 Monzõ neq p meyrino n sint pignorati p suo
144 459 631 496 uicino. Et milites d Monzõ n mulieres uidue
152 486 642 527 nõ dẽt pousatã p forũ d Mõzom ni pedones p man
153 512 637 559 iudicis usq ad tciũ diẽ ⁊ hoies d uris tminis ul de
152 541 644 589 aliis trris qui sederĩt ĩ uras hereditates aut ĩ uros
152 569 637 612 solares ⁊ dni eor n fuerĩt ibi ueniãt ad signũ de
152 601 632 647 iudice ⁊ dẽt fideiussores q respondant ad dirctum
153 629 646 676 qndo uenint dni sui ⁊ fecint colupnia pctent eã
148 660 652 702 dnis suis ⁊ septimã ad palatiũ ⁊ nõ suiãt ad ali
153 687 649 729 um hominẽ nisi ad dnos suos ĩ corũ solares sedẽt
154 713 637 759 ⁊ senara ⁊ uinee dni Regis habeãt tale forũ
153 742 644 781 quale senare ⁊ uinee ure habuint . Et qi uicin
152 771 640 820 suũ occidit ⁊ ĩ domo sua fugerit qi post ipm ĩtra
153 799 654 845 uerit ⁊ ibi eũ mactauit pectet trescẽtos sl . Et
152 827 636 873 qi mulierẽ forciauit ⁊ ippa uoces mitẽdo uenit
153 857 652 902 si ipe cũ duodecĩ nõ potuit se saluare pectet tres
152 885 646 929 centos sl . Et qi mulierẽ alienã pcusserit pctet ad
150 913 634 963 suũ maritũ triginta sl ⁊ septimã ad palatiũ
147 949 637 991 ⁊ homo de Monzom qi fideiussores dare uoluint
146 975 638 1021 p intentione de q eũ inqietauit ⁊ dedit duos
148 998 652 1052 hoies fideiussores ⁊ ipe tciꝰ si ille qi eũ inqietauit
150 1034 643 1084 noluit recipe fideiussores ⁊ postea eũ mactauit
150 1065 626 1108 totum ꝯcilium pectet homicidiũ suis parẽtibꝰ
148 1093 646 1140 ⁊ palatiũ dni Reg ⁊ palatiũ dni Epi habeãt
152 1121 636 1167 calũpnia . Et tota uilla habeat unũ forũ . Et
149 1154 636 1197 homo de Monzõ qui fideiussor ĩtrauit si ꝯtẽptor
150 1181 636 1223 eũ nõ libauit qualẽ fideiussoriã fecit talem pc
148 1210 638 1257 tet . Et si habuit illũ suũ intẽptorẽ mitat illũ
146 1239 632 1285 p se ⁊ exeat ipe d fideiussoria ⁊ de sꝰpecta de
148 1267 637 1309 decẽ sl at minꝰ iuret cũ uno uicino qualẽ ha
149 1301 638 1338 buit ⁊ de decẽ sl ⁊ sup iuret cũ duobꝰ uicinis.
143 1320 634 1363 ⁊ homo de Mõzom qui se tornare uoluit ad aliũ
144 1350 627 1392 dmn ut ei ben faciat sua casa ⁊ sua heditas ⁊
149 1379 639 1421 uxor sua ⁊ filii sui sint libi ⁊ soluti p forũ d Mõ
147 1404 634 1451 zom . Do etiã ubs p foro ut non habeatis aliũ do
148 1434 634 1474 minũ ni me Regem ⁊ uxorẽ mam ⁊ filios nros .
148 1460 645 1508 ⁊ homo d Mõzom qui habuit mulierẽ ad benedi
147 1486 643 1537 ciones si eã leixauit pectet unũ d ad iudicem.
147 1516 630 1565 Et si mulier leyxauit suũ maritũ quẽ habuit
147 1546 634 1594 ad bnediciones pectet trescẽtos sl medietatẽ ad
147 1577 634 1623 palatiũ ⁊ medietatẽ ad suũ maritũ . Et qi disrũ
152 1606 634 1655 pit casam cũ lanceis ⁊ cũ scutis de la porta adento
153 1635 636 1683 pectet trescẽtos sl medietatẽ ad dmn d ipa casa
142 1666 630 1722 ⁊ medietatẽ ad palatiũ . ⁊ qi pcusserit suũ uicinũ
688 95 1180 141 cũ spata pectet quadraginta sl ⁊ septimã ad pa
688 122 1184 171 laciũ . ⁊ qui pcusserit suũ uicinũ cũ lancea ⁊
688 154 1175 203 exierit de una pte ad aliã pectet uiginti sl
688 180 1187 229 ⁊ septimã ad palatiũ ⁊ si nõ exierit ad aliã ptem
684 214 1181 262 pectet decẽ sl ⁊ plaga unde ossa exierĩt p u
690 250 1190 292 noqo osso pectet decẽ sl ⁊ septimã ad palaciũ
693 276 1187 313 ⁊ de alia plaga qinq sl ⁊ septima ad palatiũ ⁊
691 301 1193 349 p tota pignora siue sit d palatio siue sit d concilio
690 324 1187 377 recipiãt fideiussorem p ad for . Et ꝯcedo ub q nõ
686 351 1182 400 habeãt defensam nec montẽ neq pelagũ nisi d
691 380 1192 436 toto ꝯcilio ⁊ nullꝰ accipiat montaticũ d ganatis
691 416 1178 466 d Monzõ ⁊ hoies d Monzom nõ dent portaticũ in
685 445 1182 495 toto mo regno ⁊ mando q capiãt portaticũ ĩ
688 474 1180 524 Monzom scil d carrega de peon tres medalias ⁊
688 504 1199 551 d caballo unũ sl ⁊ d mulo unũ sl ⁊ d boue VI
690 536 1175 583 dr ⁊ d toto portadigo que uenit ad Monzõ hospes
692 562 1195 612 ubi pausauit tciam ptẽ ⁊ portariꝰ accipiat du
698 589 1186 644 as ptes ⁊ uicinꝰ d Monçõ nõ respondat sine ran
692 620 1193 664 curoso. Totas istas intentiones iudicent Alcalds
692 654 1194 697 d uilla ura p suã cartã alias incontẽptiones iudic
692 681 1189 720 ent scdm albitrium bonor hominũ . Ego Alfonsꝰ
693 706 1196 754 sup dcs Di gra Rex Port una cũ uxore ma regina Dõ
692 736 1181 780 na Beatrice filia illustis regis Castelle ⁊ Legion
689 759 1183 802 ⁊ filia nra infante Dõna Blanca do ⁊ ꝯcedo ipis pp
690 791 1193 838 latoribꝰ d Monzom d gra ut meliꝰ ipa uilla d Mõ
690 816 1188 866 zom populet q ms ricꝰ homo nũquã pauset in
690 850 1188 897 ipa uilla d Monzom nc ĩ suo cauto ⁊ q p portatico ⁊
690 877 1186 924 p calũpniis ⁊ p omibꝰ mis rendis ⁊ foris ⁊ directis
693 902 1200 955 sup dctis d pdca uilla d Monzõ dent qol ãno mi ⁊ mis
691 936 1194 986 successoribꝰ trescẽtos mbitinos uetes ad tcias ag
690 961 1193 1005 ni ⁊ non mag ⁊ dent eos mi ext uillã d Monzõ .
690 990 1193 1037 In cuiꝰ rei testimoniũ dedi ⁊ do dcis pplatoribꝰ d Mõ
691 1020 1190 1072 zom istã meã cartã aptã mi sigilli munimie ro
690 1048 1193 1103 boratã . Qe fuit fca ap Vimaran XII.ᵒ die Mar
687 1081 1182 1132 cii e M.ᵃ CC.ᵃ LX.ᵃ VIIII.ᵃ. Dõnꝰ Gunsaluꝰ Grsie si
685 1107 1184 1162 gnif curie, Dõnꝰ E. Mrni maiordomꝰ curie, Dõnꝰ
686 1139 1188 1191 Alfonsꝰ Teliz tenẽs ripã d Minio, Dõnꝰ Mrnꝰ Alf
686 1173 1181 1222 onsi tenẽs tram Sce Me , Dõnꝰ Ffernãdꝰ Lupiz tenens
690 1200 1176 1246 Braganciã , Dõnꝰ Alfonsꝰ Lupiz tenẽs Sausam,
687 1235 1168 1277 Dõnꝰ Didacꝰ Lupi tenens Lamecũ , Mrnꝰ Egidii
684 1258 1158 1303 tenens Trasserrã , Dõnꝰ Mrtinꝰ Geraldi elctꝰ
688 1282 1185 1332 Bracaren , Dõnꝰ Arias eps Vlixbon , Dõnꝰ Mrnꝰ
690 1310 1172 1360 eps Elboren , Dõnꝰ Egeas eps Colinbien , Dõnꝰ
687 1333 1187 1380 Rodicꝰ eps Egitanien , Dõnꝰ Matheꝰ electꝰ Visen ,
687 1362 1169 1416 Dõnꝰ Egeas eps Lamesen , Dõnꝰ Iulianꝰ Port. eps
684 1389 1178 1446 ꝯf . Dõnꝰ Iohns d Auoyno, Iohns Suarii Conelio,
686 1418 1195 1473 Menendꝰ Suarii d Mloo , Petrꝰ Mrni Petarino, Ffer
682 1455 1174 1500 nandꝰ Fernãdi Cogomino, Rodicꝰ Peti supiudex ,
666 1480 1189 1528 Vicenciꝰ Didaci supiudex , Lupꝰ Rodici uice maiordo
684 1507 1175 1555 mꝰ ts . Dõnꝰ Stephanꝰ Iohnis Cancelariꝰ
680 1544 930 1583 Curie. D. Mrni fecit.
