3154 3050
117 94 2586 170 In nne sancte ⁊ indiuidue tinitatis pats ⁊ filii ⁊ sps sci uniꝰ sũmi Di facimꝰ istam cartã in ipiꝰ nne tnitatis . Ego Rex A. Port parit cum filio mo rege Sanciꝰ ⁊ cum
104 155 2576 231 filias mas ub hoies de Troncoso qi ibidem pplatores estis p mãdatũ mm ⁊ de filiis mis siue qi uenĩt ad pplandum facimꝰ ub cartulam sct ⁊ fecimꝰ p scipturam ⁊ p pceptum
109 193 2579 271 nrm firmit teneatis ut habeatis foro bono sct habẽt hoies de Salamanca. Et nõ detis mi neq ad pgenie me nec ad nullo hoie p homicidio n VII.ᵃ ad palacium
104 238 2594 332 de CCC sl appeciadura p ꝯcilio ⁊ p manu de iudice. ⁊ nullo pecto nec ulla calũpnia nõ intret ibi nullo meirino, n iudice de ꝯcilio . Et faciãt fossado la tcia de los caualeiros et
96 284 2596 383 las duas partes stẽt in Troncoso. Et de illa una pars q habuit a andar ĩ fossado ⁊ nõ fuit , qomo det ĩ fossadeira V sl in appeciadura . Et nõ faciãt fossado nisi cũ nro senor
94 332 2581 432 una uice ĩ ãno , aut ura uoluntas fuit . Et peones nõ faciãt fossado nec clicis . ⁊ nõ intret ibi nũcio nc manaria de nullo qo hoie p foro de Troncoso. Et qi in tmino
99 371 2587 476 filia aliena rossar extra sua uolũtate , qomo pctet a palacio CCC sl ⁊ exeat homizeiro de suos parẽtes . Si qis aliqis int uos in mcato aut in eccla aut in ꝯcilio plecato a pecon
108 420 2591 520 ferida fecit a suo uicino, pctet X.ᵒ sl a concilio ⁊ VII a palacio, p manu de iudice. Et de furto qlibet sedeat, q colligat suo dono suo cabdal ⁊ de illa calũpnia partat cũ iudice
116 459 2593 567 p medio. Et q domũ hedificauit aut uineas aut sua heditate honorauit ⁊ uno ãno in illa sedit , ⁊ postea ad alia tra fuit , qomo suiat illi tota sua heditate ubi illi habitã
105 493 2586 606 tes fuit . Et si qeᵃsierit illas uende uẽdat aut q uoluit p foro de Troncoso. Et hoies de Troncoso qi habuint iudicio ul aiunta cũ hoies de alias tras , habeãt illos ĩ cabos de su
113 545 2567 642 os tminos . Et dono ub foro qe stet caualeiro de Troncoso p infancion de totas alias tras siue ĩ iuramto qomo in iudicio, ⁊ passẽt sup illos cũ duos iuratores. Et homines qi de suas
110 577 2586 684 tras exierĩt cũ homicidio aut cũ muliere rossada ul cũ alia calũpnia qlibet sedeat, ni qi nõ adducat mulier aliena de bndictoe , ⁊ tornet se a senior de Troncoso, ⁊ sedeat solto ⁊ defe
94 623 2579 718 so p foro de Troncoso. Et si qis homines de qcumq tra cum inimicitate aut cũ pignora uenit ⁊ in tmino de Troncoso inttum fuit ⁊ nullꝰ inimicꝰ post illũ intraret ⁊ pignora
115 660 2567 754 tollerit aut male illi fecit , qomo pectet a senior de Troncoso qingẽtos sl ⁊ duplet illa pignora aut illos liuores. Et qi hoies de Troncoso pignorauit ⁊ in ꝯcilio nõ pecierit
106 699 2599 791 directo qomo pectet a senior de Troncoso LX sl ⁊ duplet illa pignora a suo dono. Et homine de alias tras qi caualeiro de Troncoso descaualgar, qomo pctẽt illi LX sl . Et hoies
115 742 2604 828 de Troncoso qi los psiere ⁊ in psion illos misit , qomo pectẽt illi CCC sl . Et si hoies de Troncoso p qlibet fiadoria a medio ãno illo nõ reqisierit , que sedeat solto. Et si migtum fuit ,
113 782 2598 865 sĩt filii ⁊ uxor sua liberi. Et nõ soluãt hoies de Troncoso pignora p senior nin p meirino ni p suo uicino. Et nõ donẽt posada p foro de Troncoso in casa de caualeiro, nin de
103 820 2581 906 uibdas, nin de clicos , n p manu de iudice in casa de peones. Et hoies de Troncoso qi hoies tenuĩt in suas heditates aut in suos solares ⁊ nõ fuit ibi suo senior, ueniat ad sinal
113 859 2591 942 de iudice ⁊ det fiador a uenida de suo senior ⁊ faciat qd mandarẽt . ⁊ calũpnia qualibet fecit sedeat de suo senior ⁊ VII.ᵃ a palacio. ⁊ nõ suiat a nullo hoie n a suo senior, in cuiꝰ so
116 901 2577 981 lar souer. Et sua senara aut suas uineas de el rei tal couto habeãt qomo de uicino de Troncoso. Et qi uicinũ occidit ⁊ ĩ sua casa fugierit, qi post illũ intrare ⁊ in sua casa lo matare,
115 942 2584 1025 pctet CCC sl ad parẽtes del morto. Et qi mulier afforciauit ⁊ illa uoces mittẽdo uenit , ⁊ illa cum duodcim nõ potuit se saluare, pctet CCC sl a la mulier ⁊ a suos parẽtes . Et qi muli
113 981 2594 1062 er aliena ferire pctet a suo marido XXX sl ⁊ VII.ᵃ a palacio. Et hoies de Troncoso qi fiadores parat p q calũpnia ille pecierĩt ed el fiador otorgar cũ duos uicinos ⁊ ille nõ qesierit collige
111 1021 2601 1103 fiador ⁊ sup ipm occidit nos toto ꝯcilio pctabimꝰ ipm homicidiũ . Et palacio regis ul de epo habeãt calũpnia ⁊ tota alia uilla habeat uno foro ⁊ alio palacio nõ habeat calũp
111 1057 2599 1148 nia . Et hoies de Troncoso qi fiador intrar ⁊ ꝯtendor nõ habuit qle fiadoria fiar tale pctet . Et si ꝯtendor habuit mittat illũ in manꝰ ⁊ exeat de illa fiadoria. ⁊ de suspecta de X sl
120 1096 2591 1189 ad riba cognominet XII uicinos ĩ redor sua casa ⁊ iuret cũ los duos ⁊ exeat de calũpnia . Et de X sl ad iuso iure siue ⁊ outro qles aflar ad uicinos sedeãt . Et toto homine de Trõ
114 1128 2604 1240 coso qi se tornar ad alliũ seniore qi bnfecit suas casas ⁊ suas heditates ⁊ uxor sua ⁊ filii sui sĩt liberi ⁊ soluti p foro de Troncoso. Et do ub foro qi nõ habeatis aliũ seniore ni ad regẽ aut
125 1167 2599 1277 a suo filio aut qi uos ꝯcilio qesieritis . Et toto hoie de Troncoso qi deseredado fuit ⁊ p sua manu nõ lo pectare qomodo se torne ad sua heditate ubi illa fuit sine calũpnia . Et toto hoie
124 1207 2589 1306 hoie de Troncoso qi heditate habuit in alia tra nõ faciat fossado ni p for de Troncoso. Et toto homine de Troncoso qi habuit mulier ad bndictoem ⁊ laxauit illã qomo pctet
124 1247 2586 1362 ad iudice I d . Et si mulier ad suũ marido laxauit qi habuit ad bndcoe qomo pctet CCC sl , medios a palacio ⁊ mdios a suo marido. Et de casa derrota cũ scudos ⁊ cũ lanzas qi la de
124 1291 2604 1397 ropere pctet CCC sll medios a dono de la casa ⁊ medios a palacio. Et qi dedit ad suo uicino cũ spada XL sldos ⁊ VII.ᵃ ad palacio. Et qi dedit cum lanza ad suo uicino ⁊ exierit de
127 1331 2599 1451 una pars ad alia pctet XX sl ⁊ septima a palacio. ⁊ si nõ exierit pctet X sl ⁊ VII.ᵃ a palacio. Et de plaga unde osso exierit cada osso X sl ⁊ VII.ᵃ a palacio. ⁊ de alia plaga V sl
129 1372 2586 1481 ⁊ VII.ᵃ a palacio. Et p tota pignora siue de ꝯcilio ul de palacio colligat fiador sup illa pignora p a foro. Et dono ub qd nõ habeat nulla defesa nc nullo mõte nec nullo pe
134 1415 2586 1537 lago ni de toto ꝯcilio . Et illo mõtadigo de uicino de Troncoso mõten lo caualeiros de Troncoso cum suo senior ⁊ pendãt inde la tcia . Et nullo ganado de Troncoso
127 1443 2579 1603 nõ sedeat mõtado . Et de portadigo de pan ⁊ de uino de la carga III mel . ⁊ de caualo ⁊ de mulo qi lo uendidit I sl . ⁊ de boue ⁊ de asino VI dnrs . De carneiro aut
137 1496 1810 1592 de cabra aut de porco III meal . Et de toto portadigo qi ad Troncoso uenit apeendat suo hospice la tcia .
134 1540 2576 1733 Ego Alfonsus Di gra Port rex, una cum uxore ma regina Dna Vrraca, ⁊ filiis mis infantibꝰ Dõno Sancio ⁊ Dõno Alfonso ⁊ Dõna Alionor, ꝯcedo ub moratoribꝰ de
144 1616 2558 1779 Troncoso istam cartã ⁊ istud for qd ub dedit auus ms inclite memorie rex Dõnꝰ Alfonsꝰ , ⁊ illud ub ꝯfirmo . Et ut hoc firmiꝰ robur obtineat, pecepi fieri istam cartã
134 1654 2556 1822 ⁊ eam feci mo plumbeo sigillo ꝯmuniri . Facta fuit h carta mense Octobis in e M.ᵃ CC.ᵃ L.ᵃ V.ᵃ. Ego rex sup nnatꝰ ⁊ uxor ma ⁊ filii hãc cartã roborauimꝰ , ⁊ mea h signa fe
137 1692 788 1761 cimus +++++. Qui affuerunt:
149 1745 752 1806 Domnꝰ Martinꝰ Ihnis signif dni regis
928 1736 981 1792 ꝯf .
150 1779 681 1855 Domnꝰ Petrꝰ Ihnis maiordomꝰ curie
941 1786 984 1840 ꝯf .
152 1814 475 1880 Domnꝰ Laurenciꝰ Suarii
943 1819 986 1883 ꝯf .
165 1850 475 1926 Domnꝰ Gomeciꝰ Suarii
941 1863 991 1924 ꝯf .
165 1883 422 1936 Domnꝰ Ihns Fndiz
943 1901 991 1952 ꝯf .
152 1916 457 1992 Domnꝰ Fnandꝰ Fndiz
930 1934 994 1985 ꝯf .
167 1959 429 2028 Domnꝰ Gil Valasqiz
943 1974 986 2035 ꝯf .
155 1997 414 2071 Domnꝰ Rodicꝰ Mdiz
938 2010 1004 2089 ꝯf .
165 2043 419 2109 Domnꝰ Ponciꝰ Alfonsi
938 2099 999 2178 ꝯf .
159 2084 432 2155 Domnꝰ Lopꝰ Alfonsi
953 2046 999 2122 ꝯf .
152 2123 383 2184 Vincenciꝰ Mdiz
162 2150 307 2221 Petrꝰ Petiz
157 2193 348 2312 Martinꝰ Petiz
546 2147 618 2269 ts .
1699 1733 2225 1868 Domnꝰ Stephanꝰ Bracaren archieps
2495 1817 2558 1880 ꝯf .
1709 1784 2065 1873 Domnꝰ Martinꝰ Port eps
2487 1860 2556 1913 ꝯf .
1714 1824 2083 1901 Domnꝰ Petrꝰ Colimbien eps
2485 1893 2551 1952 ꝯf .
1701 1863 2095 1946 Domnꝰ Suariꝰ Vlixbon eps
2492 1936 2548 1997 ꝯf .
1714 1906 2093 1997 Domnꝰ Suariꝰ Vlboren eps
2485 1967 2546 2023 ꝯf .
1699 1946 2081 2030 Domnꝰ P. Lamecen eps
2482 2010 2548 2063 ꝯf .
1701 1987 2131 2117 Domnꝰ Bartolomeꝰ Visen eps
2467 2048 2535 2137 ꝯf .
1686 2028 2128 2129 Domnꝰ Martinꝰ Egitanien eps
1681 2074 2083 2180 Mgr Plgiꝰ cantor Port
1681 2117 1889 2198 Petrꝰ Garsie
1681 2168 1910 2287 Suariꝰ Stephiz
2177 2142 2306 2302 ts .
976 2094 1678 2236 Gunsaluus Mdi cacellariꝰ curie.
1129 2193 1533 2328 Fnandꝰ Suarii scripsit.
