1677 2226
495 973 717 1014 Hoc est forum de
601 997 727 1044 Villa Franca
257 999 591 1042 n nne sce ⁊ ĩdiuidue tinitatis
256 1035 749 1072 patis ⁊ filii ⁊ spc sci uniꝰ sũmi Di facimus istam car
256 1059 751 1104 tam ĩ ipiꝰ nne tinitatis . Ego rex Sancius cum uxo
254 1090 745 1125 re ma regina Dna Dulcia pariter cum filio meo
254 1115 754 1161 rege Alfonso ⁊ cum aliis filiis ⁊ filiabꝰ mis ub ho
254 1147 734 1188 mines de Villa Franca qui ibideẽ pplatores estis p
253 1174 759 1214 mandatum ⁊ de filiis nris siue qi uenint ad pplã
252 1209 753 1245 dum facimus ub cartam ⁊ sic ⁊ fecimꝰ p scipturam
249 1235 749 1270 ⁊ per pceptum nrm firmiter teneatis ut hatis for
249 1263 746 1299 bonum sic hnt homines de Tranco. ⁊ nõ detis nb nc
247 1292 750 1331 ad pgeniem nram nc ad hominẽ p homicidio ni
249 1320 750 1356 septimam de CCC sl ad placium in apciadura per ꝯ
242 1345 750 1385 cilium ⁊ per manum iudicis ⁊ nullum pactũ nc nu
244 1373 756 1406 lla calumpnia nc intret ibi aliquis merinus ni iudex
243 1398 753 1430 de ꝯcilio . Et uadant ĩ fossado tcia d cauallariis eiꝰdẽ
247 1422 751 1458 uille ⁊ alie due partes stent in ipa Villa Franca. Et
241 1448 754 1481 de illa una tercia qui habuit ire in fossado ⁊ forte n
244 1472 755 1508 fuit de in fossadeira V sl ĩ apciadura ⁊ nõ faciant
244 1498 753 1540 fossadum ni cum dno suo una uice in anno aut p
244 1524 743 1563 ut uoluntas eor fuit . Et peones ⁊ clici nõ faciant.
242 1559 749 1597 Et nõ intret ii nunciꝰ nc manaria d nulloqo homi
246 1582 759 1621 ne p forum d Villa Franca. Et qui in termino de Vi
247 1612 749 1648 lla Franca filiam alienam rausauit ꝯ suam uolun
247 1637 758 1681 tatẽ pectet ad suos parentes CCC sl ⁊ VII.ᵃ ad placiũ
247 1664 755 1704 ⁊ exeat homizieiro d suis parentibꝰ . Et si quis inter
246 1695 754 1732 uos ĩ mcato aut in ecc aut in ꝯcilio pconato a pco
244 1722 751 1764 ne feridam fecit ad suum uicinũ pectet LX sl ad
246 1752 748 1805 ꝯcilium ⁊ VII.ᵃ ad placiũ p manũ de iudice. Et
812 190 1304 252 de furto qlibet sedeat colligat suis dnis suũ cabdal
812 238 1308 277 ⁊ ipam calumpniã diuidant per mediũ cum iudice.
811 263 1297 306 Et qui domũ edificauit aut uineas aut heditatẽ
813 296 1317 338 suam honorauit ⁊ uno anno in uilla sedit ⁊ pꝰtea ad
812 324 1298 362 illam tram fuit qomo seruiat ei tota sua heditas ui
812 347 1308 392 ille habitans fuit . Et si quesierit illas uendere uen
812 379 1299 417 dat ad quem uoluit p for de Villa Franca. Et homi
812 404 1307 450 nes de Villa Franca qomo habuint iudiciũ aut aiũtã
811 429 1305 478 cum hominibꝰ de aliis tris hat illas in cabo de suis
811 457 1314 507 tminis . Et dono ub for qd stet cauallariꝰ de Villa Frã
811 490 1303 533 ca p infanzõ de totis aliis terris tam in iudicio qm
811 519 1314 561 in iuramto ⁊ passent super illos cum duobꝰ iuratori
811 552 1307 588 bꝰ . Et peones de Villa Franca q passet super illos cum
808 577 1303 622 caballariis uillanis de totis aliis terris ĩ iudicio ⁊
810 605 1302 648 in iuramento cum duobꝰ iuratoribꝰ . Et homines qi
811 636 1309 676 de suis terris exierint cum homicidio au cũ muliere
810 666 1304 709 rausada l cum alia calumpnia quelibet sit ni quod
811 695 1307 732 nõ adducat mulierẽ alienam de bndicoe ⁊ tornet se
808 722 1303 760 ad seniorẽ de Villa Franca ⁊ sit soltus ⁊ defesus p
808 753 1304 790 for de Villa Franca. Et si quis ho de qcumq tra c ini
810 775 1304 816 micitate aut cum pignore uenit ⁊ in tmino de Villa
808 805 1301 839 Franca intratus fuit ⁊ aliquis inimicꝰ pꝰ illũ intra
807 828 1305 871 uit ⁊ pignora tollit aut male illi fecit pectet ad
807 859 1312 896 seniorẽ de Villa Franca XXX sl ⁊ duplet illa pignora
806 885 1315 925 aut illos liuores. Et qui homies de Villa Franca pi
808 915 1307 955 gnorauit ⁊ ĩ ꝯcilio directum nõ pecierit pectet ad
806 944 1303 979 seniorẽ de Villa Franca LX sl . Et ho de Villa Franca
806 970 1297 1011 qi captꝰ fuit ab alio homie ⁊ ĩ pisioe miserit pectet
803 993 1307 1032 illi CCC sl . Et si homies de Villa Franca ꝯphendint
803 1026 1303 1062 homines de alia tra ⁊ ĩ pisioe eos misit pectet illi V
805 1053 1301 1091 sl . Et si homies d Villa Franca p qcumq fiaduria
802 1077 1307 1122 a medio anno illum nõ reqisit nũqm respondeat. Et
808 1109 1298 1153 si migtꝰ fuit sint filii ⁊ uxor eiꝰ libi . Et homies de
802 1140 1305 1179 Villa Franca nõ soluant sua pignora p nullo senior
803 1168 1299 1209 ni p suo uicino. ⁊ nõ dent pausadam p for ĩ casa de
802 1198 1302 1241 caualeiro nc de clicis nc de uiduis ni ĩ casas de peonibꝰ
802 1229 1313 1270 p manum iudicis. Et si homies de Villa Franca tenu
801 1257 1302 1296 erint ĩ suis heditatibꝰ aut ĩ suis solaribꝰ ⁊ nõ fuit ibi
801 1283 1301 1331 suus senior ueniat ad sinal de iudice ⁊ det fiadorẽ
800 1313 1291 1350 ad iudiciũ dni sui ⁊ tunc faciat q mandauint ⁊
802 1341 1297 1378 calũpnia qcumq fecit sit de suo seniore ⁊ VII.ᵃ ad
803 1371 1297 1407 placiũ ⁊ nõ suiat ad aliquẽ hominẽ ni ad suũ senio
803 1397 1293 1432 rẽ sub cuiꝰ solar moratur. Et sua senara aut uinea
801 1420 1291 1459 de nro rege tale cautum hant d iudicio d Villa
798 1444 1296 1484 Franca. Et qui uicinũ occidit in suã casam fugit
801 1472 1294 1509 qi pꝰ illum intrauit ⁊ ĩ sua casa illũ occidit pectet
798 1500 1298 1537 CCC sl ad parentes de mortuo. Et qi mulierẽ p forciã
798 1528 1291 1564 habuit ⁊ illa uoces mittendo uenit ⁊ ille se cũ XII.ⁱᵐ
798 1554 1287 1590 saluare nõ potuit pectet CCC sl ipi mulieri ⁊ ss
800 1581 1286 1624 parẽtibꝰ . Et qui mulierẽ alienã ferierit pectet ad
796 1603 1298 1648 suũ maritũ XXX sl ⁊ VII.ᵃ ad placium . Et homo de
795 1638 1312 1679 Villa Franca qui fiadores parar p q calũpnia illũ pe
795 1668 1298 1710 cierint ⁊ ille fiador outorgare cum duobꝰ uicinis
796 1697 1281 1733 ⁊ ille nõ quesierit outorgare fiador ⁊ super ipm
796 1726 1302 1764 occidit nos totũ ꝯcilium pectabs ipm homicidium.
790 1747 1299 1812 Et palaciũ regis ul de epo hant calũpniã ⁊ tota
