1676 2226
394 192 875 248 alia tra hant unum for ⁊ aliud placium n hat
395 237 890 272 calumpniã . Et ho d Villa Franca qui fiador intrauit
395 262 883 300 ⁊ ꝯtentorẽ n habuit qualẽ fiaduriã fecit talẽ pc
394 293 886 325 tet . Et si ꝯtentorẽ habuit mittat illum ĩ manus ⁊
393 319 884 362 exeat de fiaduria. Et de suspecta de X sl ad ribam co
393 348 883 383 gnomin⁊ XII uicinos in redor de sua casa ⁊ iuret
394 377 897 411 cum duobꝰ et exeat d calumpnia. Et de X sl ad iu
395 399 886 443 sum iuret siue cum alto qles aflar q uicini sedeãt .
395 434 883 471 Et totus homo d Villa Franca qui se tornauit ad
394 461 897 495 alium seniorẽ qui ei benefecit sue case ⁊ sue hedi
394 489 880 528 tates sint libi ⁊ absoluti ⁊ uxor sua ⁊ filii per for
394 519 894 560 d Villa Franca. Et dono ub for q nõ hatis alium se
395 545 889 593 niorẽ ni regem urm aut quẽ uos ꝯcilium uoluitis .
394 583 885 619 Et totus ho de Villa Franca qui desornatus fuit ⁊
394 612 896 645 p sua manu nõ hi pectar tornẽt se ad suam hedita
394 636 899 672 tẽ ui illa fuit sine calumpnia. Et totꝰ ho de Villa Frã
394 664 897 698 ca qui habuit mulierẽ de bndicoe ⁊ laxauit illam
393 690 889 727 pectet ad iudicẽ unũ d . Et si mulier suũ marit
394 720 911 758 leixauit quẽ habuit ex bndicoe pectet CCC sl me
395 753 891 791 dios ad palacium ⁊ mdios ad suũ maritũ . ⁊ de casa
394 781 902 814 derrota cum scutis ⁊ cum lanceis qi eam disruperit
394 805 895 845 pectet CCC sl mdios ad dnm de casa ⁊ mdios ad pa
394 834 899 874 lacium. Et qi dedit uicino cum spata pectet XL sl
395 865 895 899 ⁊ VII.ᵃ ad palaciũ aut qui dedit cum lancea ad uici
394 886 889 925 nũ suũ ⁊ exit de una parte ad aliam pectet XX sl
393 916 893 949 ⁊ VII.ᵃ ad placium . ⁊ si nõ exierit pectet X sl ⁊ VII.ᵃ
394 943 889 980 ad plac . Et de plaga un os exierit cada ossum X
394 970 902 1004 sl ⁊ VII.ᵃ ad palaciũ . ⁊ d alia plaga V sl ⁊ VII.ᵃ ad pa
395 997 899 1035 lac . ⁊ p toto pignore de ꝯcilio l de palacio colligat
393 1026 902 1062 fiador super illa pignora p ad for . Et do ub q nõ ha
395 1056 886 1091 beat nullam defesam nc nullum montẽ nc ullum
397 1080 894 1115 palacium ni de toto ꝯcilio . Et illum montadigũ
395 1108 895 1147 de tmino de Villa Franca montẽt illum caballarii
397 1136 893 1176 de Villa Franca cum suo seniore ⁊ accipiant inde t
395 1163 894 1203 ciam partẽ . Et nullum ganatum de Villa Franca
397 1197 889 1235 nõ sedeat montado. Et de portico de pam ⁊ de uino
393 1226 894 1270 de carrega III ml . De caualo ⁊ de mulo qui illum
395 1255 899 1297 uendidit I sl . ⁊ d boue ⁊ d asino V d . De carnario
394 1286 897 1325 aut de cap aut de porco III ml . Et de toto portati
395 1313 891 1355 co q ad Villam Francã uenit hat in suus dns III
397 1344 899 1381 partẽ . Si quis uo uenit l uenimus tam de nris qm
398 1373 896 1407 de exneis qi ꝯ hoc nrm factum ⁊ for ad irrumpendum
397 1398 884 1428 uenit sit maledictꝰ ⁊ excomunicatꝰ ⁊ cum Iuda
394 1418 890 1458 traditore in inferno dampnatus ⁊ n hat partẽ in
393 1441 890 1485 regno Di ⁊ obsorbeat eos tra sic obsorbuit Datam ⁊
393 1474 902 1514 Abirã . Ego rex Dõnus S. una cum uxore ma re
393 1498 897 1543 gina Dõna Vrr ⁊ filiis ⁊ filiabꝰ mis hanc cartã ro
392 1530 894 1564 boro ⁊ ꝯfirmo in psencia istor qui scipta sunt: Mar
390 1552 897 1595 Bracaren archiepc affuit. Mar Port epc . P. Colimbien
389 1585 896 1618 epc . Pt Alfonsi. Pt Suarii. Io Fernandi dapifer regis.
390 1611 897 1652 Gun Gunsalui. Pt Lamecen eps . Suariꝰ Suarii ts .
389 1639 893 1680 Pe Nuniz ts . Ro Petri ts . Dõnus Osoreꝰ ts . Pt
393 1671 899 1705 Mdiz ts . Pe Suarii. Iulianꝰ notariꝰ curie. Et hant
393 1696 889 1732 iam dcam heditatẽ p illos tminos qos Dõnus Rei
393 1725 896 1761 mundꝰ Pl , qui tc Couelianam tenebat, de manda
390 1749 646 1804 to nro eis asignari fecit.
932 205 1422 251 Ego Alfonsus II.ꝰ Di gra Port rex una cum uxore
944 244 1434 285 ma regina Dõna Vrr ⁊ filiis mis infantibꝰ Dõno S.
944 265 1428 310 ⁊ Dõno A. ⁊ Dõna Alionor ꝯcedo ub moratoribꝰ de
944 299 1429 336 Villa Franca istam cartam ⁊ istud forum q ub dedit
944 326 1433 367 pater meꝰ rex Dõnus Sanciꝰ ⁊ illud ub ꝯf . Et ut hob
942 354 1452 395 firmius rob obtineat pcepi fi istam cartã ⁊ eam feci meo
937 380 1436 422 sigillo plumbo ꝯmuniri . Facta carta apud Trãcosum
944 413 1437 450 mense Octobis e M.ᵃ CC.ᵃ L.ᵃ V.ᵃ. Ego rex sup nnatus ⁊
943 434 1438 477 uxor ma ⁊ filli hanc k robauimꝰ ⁊ ĩ ea h signa feci
944 466 1434 507 mus +++++. Qi afferunt: Dõnus Stephanꝰ
943 492 1440 536 Bcaren archiepc ꝯf . Dõnus Mar Port epc ꝯf . Dõnꝰ
942 525 1440 561 Petrus Colimbien epc ꝯf . Dõnus Suariꝰ Vlixbonen
944 555 1447 598 epc ꝯf . Donus Suariꝰ Elboren epc . Dõnus Plagiꝰ La
944 583 1436 618 mecen epc . Dõnus Bartolameꝰ Visen epc . Dõnus
943 612 1442 649 Mar Egitanien epc . Dõnus Mar Ihis signifer Dni
944 636 1445 680 regis ꝯf . Dõnus Petrꝰ Ihis maiordomus curie ꝯf .
946 670 1440 701 Dõnus L. Suarii. Dõnus Gomeciꝰ Suarii. Dõnus
944 691 1455 739 Gil Valasquiz. Dõnus Ihns Fernandi. Dõnus Fer
944 723 1448 766 Fernandi. Dõnus Rodicꝰ Mdi . Dõnus Poncius
943 750 1453 796 Alfonsi. Dõnus Lopus Alfonsi. Magr Plagius can
944 786 1454 818 tor Port ts . Vincenciꝰ Mdi ts . Petrus Petri ts . Gun
942 806 1207 849 saluus Mdi cancell curie.
